@STRING{aao = "AAO Newsl."}
@STRING{aavso = "AAVSO Newsl."}
@STRING{acta = "Acta Astron."}
@STRING{aaguv = "Acta Astron. Geophys. Univ. Comenianae"}
@STRING{actastsin = "Acta Astron. Sin."}
@STRING{actapsin = "Acta Astrophys. Sin."}
@STRING{agg = "Acta Geod. Geophys."}
@STRING{ags = "Acta Geophys. Sin."}
@STRING{appsb = "Acta Phys. Pol., Ser. B"}
@STRING{atash = "Acta Tech. Acad. Sci. Hung."}
@STRING{advp = "Adv. Phys."}
@STRING{advsr = "Adv. Space Res."}
@STRING{aip = "AIP Conf. Proc."}
@STRING{aavsob = "Am. Assoc. Variable Star Obs. Bull."}
@STRING{aavsoc = "Am. Assoc. Variable Star Obs. Circ."}
@STRING{amjp = "Am. J. Phys."}
@STRING{aatar = "Anglo--Aust. Telesc., Annu. Rep."}
@STRING{ag = "Ann. Geophys."}
@STRING{araa = "Ann. Rev. Astron. Astrophys."}
@STRING{apl = "Ann. Phys. (Leipzig)"}
@STRING{apny = "Ann. Phys. (N.Y.)"}
@STRING{app = "Ann. Phys. (Paris)"}
@STRING{ao = "Appl. Opt."}
@STRING{appl = "Appl. Phys. Lett."}
@STRING{apb = "Appl. Phys., B"}
@STRING{as = "Appl. Spectrosc."}
@STRING{ahes = "Arch. Hist. Exact Sci."}
@STRING{archuk = "Archeoastronomy (U.K.)"}
@STRING{asbts = "Archenhold--Sternw. Berlin--Treptow, Sonderdr."}
@STRING{asbtvs = "Archenhold--Sternw. Berlin--Treptow, Vortr. Schr."}
@STRING{aonaicnl = "Arecibo Obs./NAIC, Newsl."}
@STRING{artsat = "Artif. Satell."}
@STRING{aiisao = "Astrofiz. Issled. Izv. Spets. Astrofiz. Obs."}
@STRING{af = "Astrofizika"}
@STRING{aa = "Astron. Astrophys."}
@STRING{aar = "Astron. Astrophys. Rev."}
@STRING{aas = "Astron. Astrophys. Suppl. Ser."}
@STRING{abco = "Astron. Bull. (Carter Obs.)"}
@STRING{agas = "Astron. Ges., Abstr. Ser."}
@STRING{asther = "Astron. Her."}
@STRING{aiubc = "Astron. Inst. Univ. Brno, Contrib."}
@STRING{astj = "Astron. J."}
@STRING{an = "Astron. Nachr."}
@STRING{astnow = "Astron. Now"}
@STRING{astraum = "Astron. Raumfahrt"}
@STRING{astriha = "Astron. Rechen-Inst.Heidelb., Mitt., Ser. A"}
@STRING{astrihb = "Astron. Rechen-Inst.Heidelb., Mitt., Ser. B"}
@STRING{astschu = "Astron. Sch."}
@STRING{asttid = "Astron. Tidsskr."}
@STRING{asttsir = "Astron. Tsirk."}
@STRING{astvest = "Astron. Vestn."}
@STRING{astzh = "Astron. Zh."}
@STRING{astuai = "Astronomia UAI"}
@STRING{astie = "Astronomie"}
@STRING{asty = "Astronomy"}
@STRING{apj = "Astrophys. J."}
@STRING{apjl = "Astrophys. J., Lett."}
@STRING{apjss = "Astrophys. J., Suppl. Ser."}
@STRING{aplc = "Astrophys. Lett. Commun."}
@STRING{apspr = "Astrophys. Space. Phys. Res."}
@STRING{apss = "Astrophys. Space. Sci."}
@STRING{ap = "Astrophysics"}
@STRING{aanlsor = "Atti Accad. Naz. Lincei, Ser. Ottava, Rend."}
@STRING{ajast = "Aust. J. Astron."}
@STRING{ajp = "Aust. J. Phys."}
@STRING{bavm = "BAV Mitt."}
@STRING{bavr = "BAV Rundbrief"}
@STRING{bbsag = "BBSAG Bull."}
@STRING{bestarnl = "Be Star Newsl."}
@STRING{bildw = "Bild Wiss."}
@STRING{bipm = "BIPM Circ. T"}
@STRING{boaumkt = "Biul. Obs. Astron. Uniw. M. Kopernika Toruniu"}
@STRING{boe = "Bol. Obs. Ebro"}
@STRING{broa = "Bol. ROA"}
@STRING{blm = "Boundary-Layer Meteorol."}
@STRING{boop = "Boyden Obs., Occas. Publ."}
@STRING{bastac = "Br. Astron. Assoc. Circ."}
@STRING{bjp = "Bulg. J. Phys."}
@STRING{baas = "Bull. Am. Astron. Soc."}
@STRING{baps = "Bull. Am. Phys. Soc."}
@STRING{bafoev = "Bull. Assoc. Fr. Obs. Etoiles Variables"}
@STRING{bastic = "Bull. Astron. Inst. Czech."}
@STRING{basi = "Bull. Astron. Soc. India"}
@STRING{bain = "Bull. Astron. Inst. Netherlands"}
@STRING{bcao = "Bull. Crimean Astrophys. Obs."}
@STRING{bgsi = "Bull. Geogr. Surv. Inst."}
@STRING{bicds = "Bull. Inf. Cent. Donn\'ees Stellaires"}
@STRING{boab = "Bull. Obs. Astron. Belgr."}
@STRING{crassgvs = "C. R. Acad. Sci., S\'er. G\'en., Vie Sci."}
@STRING{crassii = "C. R. Acad. Sci., II"}
@STRING{cjp = "Can. J. Phys."}
@STRING{cm = "Celest. Mech."}
@STRING{cassos = "Cent. Astron. Sci. Spat., Obs. Sol."}
@STRING{cent = "Centaurus"}
@STRING{cpl = "Chem. Phys. Lett."}
@STRING{chinaa = "Chin. Astron. Astrophys."}
@STRING{chinp = "Chin. Phys."}
@STRING{chinpl = "Chin. Phys. Lett."}
@STRING{ciel = "Ciel"}
@STRING{cielt = "Ciel Terre"}
@STRING{ccotl = "Circ. Czech. Obs. Time Lattiude"}
@STRING{cinf = "Circ. Inf."}
@STRING{ctls = "Circ. Time Latitude Serv."}
@STRING{cqg = "Classical Quantum Gravity"}
@STRING{cast = "Comments Astrophys."}
@STRING{cnpp = "Comments Nucl. Part. Phys."}
@STRING{cppcf = "Comments Plasma Phys. Controlled Fusion"}
@STRING{cfsua = "Commun. Fac. Sci. Univ. Ankara, Ser. A2, A3"}
@STRING{cko = "Commun. Konkoly Obs."}
@STRING{cmp = "Commun. Math. Phys."}
@STRING{culo = "Commun. Univ. Lond. Obs."}
@STRING{comp = "Comput. Phys."}
@STRING{compcom = "Comput. Phys. Commun."}
@STRING{cp = "Contemp. Phys."}
@STRING{caosp = "Contrib. Astron. Obs. Skalnat\'e Pleso"}
@STRING{cap = "Contrib. Atmos. Phys."}
@STRING{cdaut = "Contrib. Dep. Astron., Univ. Tokyo"}
@STRING{clo = "Contrib. Lick Obs."}
@STRING{cncopb = "Contrib. Nicholas Copernicus Obs. Planetarium Brno"}
@STRING{cnjro = "Contrib. Nizamiah Japal-Rangapur Obs."}
@STRING{cpp = "Contrib. Plasma Phys."}
@STRING{cvvo = "Contrib. Van Vleck Obs."}
@STRING{cr = "Cosmic Res."}
@STRING{cryo = "Cryogenics"}
@STRING{czjp = "Czech. J. Phys., Sect. B"}
@STRING{drho = "Data Rep. Hydrogr. Obs., Ser. Astron. Geod."}
@STRING{dgkbawb = "Dtsch. Geod. Komm. Bayer. Akad. Wiss., Reihe B"}
@STRING{dgkbawc = "Dtsch. Geod. Komm. Bayer. Akad. Wiss., Reihe C"}
@STRING{dgkbawe = "Dtsch. Geod. Komm. Bayer. Akad. Wiss., Reihe E"}
@STRING{epsl = "Earth Planet. Sci. Lett."}
@STRING{erb = "Earth Rotation Bull."}
@STRING{emp = "Earth, Moon, Planets"}
@STRING{esrev = "Earth--Sci. Rev."}
@STRING{esab = "ESA Bull."}
@STRING{esaiuenl = "ESA IUE Newsl."}
@STRING{esaj = "ESA J."}
@STRING{esoar = "ESO Ann. Rep."}
@STRING{ejp = "Eur. J. Phys."}
@STRING{epl = "Europhys. Lett."}
@STRING{epn = "Europhys. News"}
@STRING{expast = "Exp. Astron."}
@STRING{fiz = "Fizika"}
@STRING{fortp = "Fortschr. Phys."}
@STRING{fp = "Found. Phys."}
@STRING{funcp = "Fundam. Cosmic Phys."}
@STRING{gaab = "G.~A.A.B."}
@STRING{gast = "G. Astron."}
@STRING{gem = "Gemini"}
@STRING{grg = "Gen. Relativ. Gravitation"}
@STRING{gca = "\gca"} "Geochim. Cosmochim. Acta"
@STRING{ga = "Geomagn. Aehron."}
@STRING{gafd = "Geophys. Astrophys. Fluid Dyn."}
@STRING{gj = "Geophys. J."}
@STRING{grl = "Geophys. Res. Lett."}
@STRING{geo = "Geophysics"}
@STRING{geos = "GEOS Circ."}
@STRING{gbg = "Gerlands Beitr. Geophys."}
@STRING{heav = "Heavens"}
@STRING{hpa = "Helv. Phys. Acta"}
@STRING{hepnp = "High Energ. Phys. Nucl. Phys."}
@STRING{hob = "Hvar Obs. Bull."}
@STRING{hi = "Hyperfine Interact."}
@STRING{iappp = "I.A.P.P.P. Commun."}
@STRING{iauc = "IAU Circ."}
@STRING{iauib = "IAU Inf. Bull."}
@STRING{icarus = "Icarus"}
@STRING{i3etm = "IEEE Trans. Magn."}
@STRING{i3etns = "IEEE Trans. Nucl. Sci."}
@STRING{i3etps = "IEEE Trans. Plasma Sci."}
@STRING{iersbb = "IERS Bull. B"}
@STRING{iersba = "IERS Bull.--A"}
@STRING{ijpap = "Indian J. Pure Appl. Phys."}
@STRING{ijrsp = "Indian J. Radio Space Phys."}
@STRING{ibvs = "Inf. Bull. Variable Stars"}
@STRING{iaatub = "Inst. Astron. Astrophys. Tech. Univ. Berlin, Mitt."}
@STRING{iag = "Inst. Astron. Geod., Univ. Madr., Publ."}
@STRING{ia = "Inst. Astron., Univ. Camb., Annu. Rep."}
@STRING{icq = "Int. Comet Q."}
@STRING{ijimw = "Int. J. Infrared Millimeter Waves"}
@STRING{ijmp = "Int. J. Mod. Phys. A"}
@STRING{ijtp = "Int. J. Theor. Phys."}
@STRING{ip = "Inverse Probl."}
@STRING{iastj = "Ir. Astron. J."}
@STRING{iris = "IRIS Bull. A"}
@STRING{iskz = "Issled. Solntsa Krasnykh Zvezd"}
@STRING{intsa = "Itogi Nauki Tekh., Ser. Astron."}
@STRING{intsppk = "Itogi NAuki Tekh., Ser. Plazmennye Protsessy Kosmose"}
@STRING{iaoe = "Izv. Astron. Obs. Ehngel'gardt."}
@STRING{ikao = "Izv. Krym. Astrofiz. Obs."}
@STRING{ivuzr = "Izv. Vyssch. Uchebn. Zaved., Radiofiz."}
@STRING{jasa = "J. Acoust. Soc. Am."}
@STRING{jaavso = "J. Am. Assoc. Variable Star Obs."}
@STRING{jam = "J. Appl. Meteorol."}
@STRING{jap = "J. Appl. Phys."}
@STRING{jastf = "J. Astron. Fr."}
@STRING{japast = "JA\&A"}
@STRING{jas = "J. Atmos. Sci."}
@STRING{jatp = "J. Atmos. Terr. Phys."}
@STRING{jbasta = "J. Br. Astron. Assoc."}
@STRING{jbis = "J. Br. Interplanet. Soc."}
@STRING{jcp = "J. Chem. Phys."}
@STRING{jcomp = "J. Comp. Phys."}
@STRING{jel = "J. Electrostat."}
@STRING{jfseu = "J. Fac Sci., Ege Univ., Ser. A"}
@STRING{jfm = "J. Fluid Mech."}
@STRING{jgr = "J. Geophys. Res."}
@STRING{jhast = "J. Hist. Astron."}
@STRING{jms = "J. Mater. Sci."}
@STRING{jmp = "J. Math. Phys."}
@STRING{jmo = "J. Mod. Opt."}
@STRING{jop = "J. Opt. (Paris)"}
@STRING{josaa = "J. Opt. Soc. Am. A"}
@STRING{josab = "J. Opt. Soc. Am. B"}
@STRING{jp = "J. Phys."}
@STRING{jpa = "J. Phys. A"}
@STRING{jpb = "J. Phys. B"}
@STRING{jpd = "J. Phys. D"}
@STRING{jpe = "J. Phys. E"}
@STRING{jpg = "J. Phys. G"}
@STRING{jpsj = "J. Phys. Soc. Jpn."}
@STRING{jpp = "J. Plasma Phys."}
@STRING{jqsrt = "J. Quant. Spectrosc. Radiat. Transfer"}
@STRING{jrasc = "J. R. Astron. Soc. Can."}
@STRING{jsp = "J. Stat. Phys."}
@STRING{jvst = "J. Vac. Sci. Technol., A"}
@STRING{jetpl = "JETP Lett."}
@STRING{jhatd = "Johns Hopkins APL Tech. Dig."}
@STRING{jjap1 = "Jpn. J. Appl. Phys., Part 1"}
@STRING{jjap2 = "Jpn. J. Appl. Phys., Part 2"}
@STRING{kai = "Kapteyn Astron. Inst., Annu. Rep."}
@STRING{kexto = "Kexue Tongbao"}
@STRING{kfnt = "Kinematika Fiz. Nebesn. Tel"}
@STRING{kob = "Kodaikanal Obs. Bull."}
@STRING{kt = "Komet. Tsirk."}
@STRING{ki = "Kosm. Issled."}
@STRING{koz = "Kozmos"}
@STRING{kpm = "KPM"}
@STRING{lo = "Laser Optoelektron."}
@STRING{latc = "Latitude Circ."}
@STRING{lest = "LEST Found., Annu. Rep."}
@STRING{lmp = "Lett. Math. Phys."}
@STRING{lob = "Lick Obs. Bull."}
@STRING{mg = "Manuscr. Geod."}
@STRING{ml = "Mater. Lett."}
@STRING{mrb = "Mater. Res. Bull."}
@STRING{mfs = "Mem. Fac. Sci., Kyoto Univ., Ser. Phys., Astrophys., Geophys., Chem."}
@STRING{memras = "Mem. R. Astron. Soc."}
@STRING{msai = "Mem. Soc. Astron. Ital."}
@STRING{merc = "Mercury"}
@STRING{mess = "Messenger"}
@STRING{met = "Meteoritics"}
@STRING{metka = "Meteoritika"}
@STRING{metro = "Metrologica"}
@STRING{mpb = "Minor Planet Bull."}
@STRING{mpc = "Minor Planet Circ."}
@STRING{masbt = "Mitt. Archenold--Sternw. Berlin Treptow"}
@STRING{mag = "Mitt. Astron. Ges."}
@STRING{mlotud = "Mitt. Lohrmann--Obs., Tech. Univ. Dresden"}
@STRING{mss = "Mitt. Sternw. Sonneberg"}
@STRING{mvs = "Mitt. Ver{\"a}nderliche Sterne"}
@STRING{mzpe = "Mitt. Zentralinst. Phys. Erde"}
@STRING{mpla = "Mod. Phys. Lett. A"}
@STRING{mn = "Mon. Not. R. Astron. Soc."}
@STRING{mnassa = "Mon. Notes Astron. Soc. S. Afr."}
@STRING{nint = "Nablyud. Iskusstv. Nebesn. Tel."}
@STRING{nogb = "Nachr. Olbers--Ges. Bremen"}
@STRING{naoj = "Natl. Astron. Obs. (Jpn.), Repr."}
@STRING{ng = "Natl. Geogr."}
@STRING{nraoa = "Natl. Radio Astron. Obs., Repr., Ser. A"}
@STRING{nraob = "Natl. Radio Astron. Obs., Repr., Ser. B"}
@STRING{nat = "Nature"}
@STRING{natwis = "Naturwissenschaften"}
@STRING{ni = "Nauchn. Inf."}
@STRING{nlasny = "News Lett. Astron. Soc. N.Y."}
@STRING{nrodaour = "Nizamiah Rangapur Obs. Dep. Astron., Osmania Univ., Repr."}
@STRING{nraow = "NRAO Workshop"}
@STRING{nimpra = "Nucl. Instrum. Methods Phys. Res., Sect. A"}
@STRING{nimprb = "Nucl. Instrum. Methods Phys. Res., Sect. B"}
@STRING{npa = "Nucl. Phys. A"}
@STRING{npb = "Nucl. Phys. B, Part. Phys."}
@STRING{nca = "Nuovo Cimento A"}
@STRING{ncb = "Nuovo Cimento B"}
@STRING{ncc = "Nuovo Cimento C"}
@STRING{ot = "Obs. Trav."}
@STRING{obs = "Observatory"}
@STRING{onl = "Occultation Newsl."}
@STRING{ozvp = "{\"O}sterr. Z. Vermessungswes. Photogramm."}
@STRING{oc = "Opt. Commun."}
@STRING{oe = "Opt. Eng."}
@STRING{olt = "Opt. Laser Technol."}
@STRING{ol = "Opt. Lett."}
@STRING{on = "Opt. News"}
@STRING{os = "Opt. Spectrosc."}
@STRING{optik = "Optik"}
@STRING{ofeb = "Origins Life Evol. Biosphere"}
@STRING{orion = "Orion"}
@STRING{orione = "Orione"}
@STRING{oac = "Oss. Astrofis. Catania, Pubbl."}
@STRING{pz = "Perem. Zvezdy"}
@STRING{pb = "Phys. Bl."}
@STRING{pcm = "Phys. Chem. Miner."}
@STRING{pfa = "Phys. Fluids, A"}
@STRING{pfb = "Phys. Fluids, B"}
@STRING{pla = "Phys. Lett. A"}
@STRING{plb = "Phys. Lett. B"}
@STRING{pr = "Phys. Rep."}
@STRING{pra = "Phys. Rev. A"}
@STRING{prb = "Phys. Rev. B"}
@STRING{prc = "Phys. Rev. C"}
@STRING{prd = "Phys. Rev. D"}
@STRING{prl = "Phys. Rev. Lett."}
@STRING{ps = "Phys. Scr."}
@STRING{ptch = "Phys. Teach."}
@STRING{ptod = "Phys. Today"}
@STRING{pha = "Physica A"}
@STRING{phb = "Physica B"}
@STRING{phd = "Physica D"}
@STRING{paz = "Pis'ma Astron. Zh."}
@STRING{pss = "Planet. Space Sci."}
@STRING{ppcf = "Plasma Phys. Controlled Fusion"}
@STRING{pa = "Postepy Astron."}
@STRING{pram = "Pram\~{a}na"}
@STRING{pri = "Priroda"}
@STRING{pasa = "Proc. Astron. Soc. Aust."}
@STRING{pi3e = "Proc. IEEE"}
@STRING{prsl = "Proc. R. Soc. London, Ser. A"}
@STRING{posp = "Proceedings of SPIE"}
@STRING{past = "Prog. Astron."}
@STRING{ptp = "Prog. Theor. Phys."}
@STRING{paicas = "Publ. Astron. Inst. Czech. Acad. Sci."}
@STRING{pasj = "Publ. Aston. Soc. Jpn."}
@STRING{pasp = "Publ.. Astron. Soc. Pac."}
@STRING{pbao = "Publ. Beijing Astron. Obs."}
@STRING{pdaub = "Publ. Dep. Astron., Univ. Beogr."}
@STRING{pdao = "Publ. Dom. Astrophys. Obs."}
@STRING{pnlaoj = "Publ. Natl. Astron. Obs. Jpn."}
@STRING{ppmo = "Publ. Purple Mt. Obs."}
@STRING{psao = "Publ. Shaanxi Astron. Obs."}
@STRING{pscds = "Publ. Sp\'ec. Cent. Donn\'ees Stellaires"}
@STRING{pyo = "Publ. Yunnan Obs."}
@STRING{pag = "Pure Appl. Geophys."}
@STRING{qbsa = "Q. Bull. Sol. Act."}
@STRING{qjras = "Q. J. R. Astron. Soc."}
@STRING{rad = "Radiant"}
@STRING{rsci = "Radio Sci."}
@STRING{reche = "Recherche"}
@STRING{rpp = "Rep. Prog. Phys."}
@STRING{ra = "Rev. Astron."}
@STRING{rg = "Rev. Geophys."}
@STRING{rmf = "Rev. Mex. Fis."}
@STRING{rmp = "Rev. Mod. Phys."}
@STRING{rrp = "Rev. Roum. Phys."}
@STRING{rsi = "Rev. Sci. Instrum."}
@STRING{rnc = "Riv. Nuovo Cimento"}
@STRING{rh = "\v{R}\'{\i}\v{s}e hv\v{e}zd"}
@STRING{saaoar = "S. Afr. Astron. Obs., Annu. Rep."}
@STRING{saaoc = "S. Afr. Astron. Obs., Circ."}
@STRING{saaon = "SAAO Newsl."}
@STRING{sciam = "Sci. Am."}
@STRING{scch = "Sci. China, Ser. A"}
@STRING{srtu = "Sci. Rep. T\^{o}hoku Univ., Eighth Ser."}
@STRING{sc = "Sci"}
@STRING{sar = "Sendai Astron. Rap."}
@STRING{st = "Sidereal Times"}
@STRING{sky = "Sky Telesc."}
@STRING{sbaavso = "Sol. Bull. (AAVSO)"}
@STRING{se = "Sol. Energy"}
@STRING{sp = "Sol. Phys."}
@STRING{srd = "Sol. Radio Data"}
@STRING{ssres = "Sol. Syst. Res."}
@STRING{sdb = "Soln. Dannye, Byull."}
@STRING{sonne = "Sonne"}
@STRING{sbo = "Soobshch. Byurak. Obs."}
@STRING{ssao = "Soobshch. Spets. Astrofiz. Obs."}
@STRING{sost = "South. Stars"}
@STRING{sa = "Sov. Astron."}
@STRING{sal = "Sov. Astron. Lett."}
@STRING{sjot = "Sov. J. Opt. Technol."}
@STRING{spd = "Sov. Phys. -- Dokl."}
@STRING{spj = "Sov. Phys. -- JETP"}
@STRING{spu = "Sov. Phys. -- Usp."}
@STRING{space = "Space"}
@STRING{ssr = "Space Sci. Rev."}
@STRING{stsi = "Space Telesc. Sci. Inst., Newsl."}
@STRING{sf = "Spaceflight"}
@STRING{sterne = "Sterne"}
@STRING{sw = "Sterne Weltraum"}
@STRING{sb = "Sternenbote"}
@STRING{strlast = "Strolling Astron."}
@STRING{sgg = "Stud. Geophys. Geod."}
@STRING{taot = "Tartu Astrof{\"u}{\"u}s. Obs. Teated"}
@STRING{tect = "Tectonophysics"}
@STRING{tellus = "Tellus, Ser. A"}
@STRING{tmf = "Teor. Mat. Fiz."}
@STRING{tp = "Theor. Pap."}
@STRING{tsb = "Time Serv. Bull."}
@STRING{tmnr = "Tokyo Meteor Network Rep."}
@STRING{tai = "Tsirk. Astron. Inst. (Tashkent)"}
@STRING{ufz = "Ukr. Fiz. Zh."}
@STRING{ucla = "Universe Classroom"}
@STRING{uao = "Upps. Astron. Obs., Rep."}
@STRING{urania = "Urania"}
@STRING{usnoc = "U.S. Nav. Obs., Circ."}
@STRING{usnos4 = "U.S. Nav. Obs., Ser. 4"}
@STRING{ufn = "Usp. Fiz. Nauk"}
@STRING{vsb = "Variable Star Bull."}
@STRING{vasiona = "Vasiona"}
@STRING{varih = "Ver{\"o}ff. Astron. Rechen--Inst. Heidelb."}
@STRING{vzpe = "Ver{\"o}ff. Zentralinst. Phys. Erde"}
@STRING{vesmir = "Vesm\'{\i}r"}
@STRING{vansssr = "Vestn. Akad. Nauk SSSR"}
@STRING{vku = "Vestn. Kiev. Univ., Astron."}
@STRING{va = "Vistas Astron."}
@STRING{wgn = "WGN"}
@STRING{wztud = "Wiss. Z. Tech. Univ. Dresden"}
@STRING{yama = "Yamamoto Circ."}
@STRING{zap = "Z. Astrophys."}
@STRING{zamp = "Z. Angew. Math. Phys."}
@STRING{zna = "Z. Naturforsch., A"}
@STRING{zpa = "Z. Phys., A"}
@STRING{zpc = "Z. Phys., C"}
@STRING{zv = "Zemlya Vselennaya"}
@STRING{zenit = "Zenit"}
@STRING{zetf = "Zh. Ehksp. Teor. Fiz."}



@Article{Silverstein:2008sg,
     author    = "Silverstein, Eva and Westphal, Alexander",
     title     = "{Monodromy in the CMB: Gravity Waves and String
                  Inflation}",
     journal   = "Phys. Rev.",
     volume    = "D78",
     year      = "2008",
     pages     = "106003",
     eprint    = "0803.3085",
     archivePrefix = "arXiv",
     primaryClass  =  "hep-th",
     doi       = "10.1103/PhysRevD.78.106003",
     SLACcitation  = "%%CITATION = 0803.3085;%%"
}


@Article{Boomerang2001,
     author    = "Netterfield, C. B. and others",
 collaboration = "Boomerang",
     title     = "{A measurement by BOOMERANG of multiple peaks in the
                  angular power spectrum of the cosmic microwave
                  background}",
     journal   = "Astrophys. J.",
     volume    = "571",
     year      = "2002",
     pages     = "604-614",
     eprint    = "astro-ph/0104460",
     archivePrefix = "arXiv",
     doi       = "10.1086/340118",
     SLACcitation  = "%%CITATION = ASTRO-PH/0104460;%%"
}



@ARTICLE{Boomerang2003,
   author = {{Montroy}, T. and {Ade}, P.~A.~R. and {Balbi}, A. and {Bock}, J.~J. and 
	{Bond}, J.~R. and {Borrill}, J. and {Boscaleri}, A. and {Cabella}, P. and 
	{Contaldi}, C.~R. and {Crill}, B.~P. and {de Bernardis}, P. and 
	{De Gasperis}, G. and {de Oliveira-Costa}, A. and {De Troia}, G. and 
	{di Stefano}, G. and {Ganga}, K. and {Hivon}, E. and {Hristov}, V.~V. and 
	{Iacoangeli}, A. and {Jaffe}, A.~H. and {Kisner}, T.~S. and 
	{Jones}, W.~C. and {Lange}, A.~E. and {Masi}, S. and {Mauskopf}, P.~D. and 
	{MacTavish}, C. and {Melchiorri}, A. and {Nati}, F. and {Natoli}, P. and 
	{Netterfield}, C.~B. and {Pascale}, E. and {Piacentini}, F. and 
	{Pogosyan}, D. and {Polenta}, G. and {Prunet}, S. and {Ricciardi}, S. and 
	{Romeo}, G. and {Ruhl}, J.~E. and {Torbet}, E. and {Tegmark}, M. and 
	{Vittorio}, N.},
    title = "{Measuring CMB polarization with B OOMERANG}",
  journal = {\nar},
   eprint = {astro-ph/0305593},
     year = 2003,
    month = dec,
   volume = 47,
    pages = {1057-1065},
      doi = {10.1016/j.newar.2003.09.011},
   adsurl = {http://adsabs.harvard.edu/abs/2003NewAR..47.1057M},
  adsnote = {Provided by the SAO/NASA Astrophysics Data System}
}

@Article{Komatsu2010,
     author    = "Komatsu, E. and others",
     title     = "{Seven-Year Wilkinson Microwave Anisotropy Probe (WMAP)
                  Observations: Cosmological Interpretation}",
     year      = "2010",
     eprint    = "1001.4538",
     archivePrefix = "arXiv",
     primaryClass  =  "astro-ph.CO",
     SLACcitation  = "%%CITATION = 1001.4538;%%"
}

@Article{Jarosik2010,
      author    = "Jarosik, N. and others",
      title     = "{Seven-Year Wilkinson Microwave Anisotropy Probe (WMAP)
                        Observations: Sky Maps, Systematic Errors, and Basic
                        Results}",
      year      = "2010",
      eprint    = "1001.4744",
      archivePrefix = "arXiv",
      primaryClass  =  "astro-ph.CO",
      SLACcitation  = "%%CITATION = 1001.4744;%%"
}

@Article{Fowler2010,
   author = {{The ACT Collaboration} and {Fowler}, J.~W. and {Acquaviva}, V. and 
	{Ade}, P.~A.~R. and {Aguirre}, P. and {Amiri}, M. and {Appel}, J.~W. and 
	{Barrientos}, L.~F. and {Battistelli}, E.~S. and {Bond}, J.~R. and 
	{Brown}, B. and {Burger}, B. and {Chervenak}, J. and {Das}, S. and 
	{Devlin}, M.~J. and {Dicker}, S.~R. and {Doriese}, W.~B. and 
	{Dunkley}, J. and {D{\"u}nner}, R. and {Essinger-Hileman}, T. and 
	{Fisher}, R.~P. and {Hajian}, A. and {Halpern}, M. and {Hasselfield}, M. and 
	{Hern{\'a}ndez-Monteagudo}, C. and {Hilton}, G.~C. and {Hilton}, M. and 
	{Hincks}, A.~D. and {Hlozek}, R. and {Huffenberger}, K.~M. and 
	{Hughes}, D.~H. and {Hughes}, J.~P. and {Infante}, L. and {Irwin}, K.~D. and 
	{Jimenez}, R. and {Juin}, J.~B. and {Kaul}, M. and {Klein}, J. and 
	{Kosowsky}, A. and {Lau}, J.~M. and {Limon}, M. and {Lin}, {Y.~-.} and 
	{Lupton}, R.~H. and {Marriage}, T.~A. and {Marsden}, D. and 
	{Martocci}, K. and {Mauskopf}, P. and {Menanteau}, F. and {Moodley}, K. and 
	{Moseley}, H. and {Netterfield}, C.~B. and {Niemack}, M.~D. and 
	{Nolta}, M.~R. and {Page}, L.~A. and {Parker}, L. and {Partridge}, B. and 
	{Quintana}, H. and {Reid}, B. and {Sehgal}, N. and {Sievers}, J. and 
	{Spergel}, D.~N. and {Staggs}, S.~T. and {Swetz}, D.~S. and 
	{Switzer}, E.~R. and {Thornton}, R. and {Trac}, H. and {Tucker}, C. and 
	{Verde}, L. and {Warne}, R. and {Wilson}, G. and {Wollack}, E. and 
	{Zhao}, Y.},
    title = "{The Atacama Cosmology Telescope: A Measurement of the 600 {<} ell < 8000 Cosmic Microwave Background Power Spectrum at 148 GHz}",
  journal = {ArXiv e-prints},
archivePrefix = "arXiv",
   eprint = {1001.2934},
 keywords = {Astrophysics - Cosmology and Extragalactic Astrophysics},
     year = 2010,
    month = jan,
   adsurl = {http://adsabs.harvard.edu/abs/2010arXiv1001.2934T},
  adsnote = {Provided by the SAO/NASA Astrophysics Data System}
}

@Article{Chiang2009,
     author    = "Chiang, H. C. and others",
     title     = "{Measurement of CMB Polarization Power Spectra from Two
                  Years of BICEP Data}",
     journal   = "Astrophys. J.",
     volume    = "711",
     year      = "2010",
     pages     = "1123-1140",
     eprint    = "0906.1181",
     archivePrefix = "arXiv",
     primaryClass  =  "astro-ph.CO",
     doi       = "10.1088/0004-637X/711/2/1123",
     SLACcitation  = "%%CITATION = 0906.1181;%%"
}

@Article{Castro2009,
     author    = "Castro, : P. G. and others",
 collaboration = "QUaD",
     title     = "{Cosmological Parameters from the QUaD CMB polarization
                  experiment}",
     journal   = "Astrophys. J.",
     volume    = "701",
     year      = "2009",
     pages     = "857-864",
     eprint    = "0901.0810",
     archivePrefix = "arXiv",
     primaryClass  =  "astro-ph.CO",
     doi       = "10.1088/0004-637X/701/2/857",
     SLACcitation  = "%%CITATION = 0901.0810;%%"
}

@ARTICLE{Reichardt2008,
     author    = "Reichardt, C. L. and others",
     title     = "{High resolution CMB power spectrum from the complete ACBAR
                  data set}",
     journal   = "Astrophys. J.",
     volume    = "694",
     year      = "2009",
     pages     = "1200-1219",
     eprint    = "0801.1491",
     archivePrefix = "arXiv",
     primaryClass  =  "astro-ph",
     doi       = "10.1088/0004-637X/694/2/1200",
     SLACcitation  = "%%CITATION = 0801.1491;%%"
}

@ARTICLE{Kuo2006,
     author    = "Kuo, Chao-Lin and others",
     title     = "{Improved Measurements of the CMB Power Spectrum with
                  ACBAR}",
     journal   = "Astrophys. J.",
     volume    = "664",
     year      = "2007",
     pages     = "687",
     eprint    = "astro-ph/0611198",
     archivePrefix = "arXiv",
     doi       = "10.1086/518401",
     SLACcitation  = "%%CITATION = ASTRO-PH/0611198;%%"
}

@ARTICLE{Runyan2003,
   author = {{Runyan}, M.~C. and others},
    title = "{ACBAR: The Arcminute Cosmology Bolometer Array Receiver}",
  journal = {\apjs},
   eprint = {arXiv:astro-ph/0303515},
     year = 2003,
    month = dec,
   volume = 149,
    pages = {265-287},
      doi = {10.1086/379099},
   adsurl = {http://adsabs.harvard.edu/abs/2003ApJS..149..265R},
  adsnote = {Provided by the Smithsonian/NASA Astrophysics Data System}
}

@ARTICLE{Goldstein2003,
   author = {{Goldstein}, J.~H. and others},
  journal = {\apj},
   eprint = {arXiv:astro-ph/0212517},
 keywords = {Cosmology: Cosmic Microwave Background, Cosmology: Cosmological Parameters, Cosmology: Observations},
     year = 2003,
    month = dec,   volume = 599,
    pages = {773-785},
      doi = {10.1086/379539},
   adsurl = {http://adsabs.harvard.edu/abs/2003ApJ...599..773G},
  adsnote = {Provided by the SAO/NASA Astrophysics Data System}
}

@ARTICLE{Sievers2007,
   author = {{Sievers}, J.~L. and others},
    title = "{Implications of the Cosmic Background Imager Polarization Data}",
  journal = {\apj},
     year = 2007,
    month = may,
   volume = 660,
    pages = {976-987},
      doi = {10.1086/510504},
   adsurl = {http://adsabs.harvard.edu/abs/2007ApJ...660..976S},
  adsnote = {Provided by the Smithsonian/NASA Astrophysics Data System}
}

@ARTICLE{Readhead2004a,
   author = {{Readhead}, A.~C.~S. and others
    },
    title = "{Extended Mosaic Observations with the Cosmic Background Imager}",
  journal = {\apj},
   eprint = {arXiv:astro-ph/0402359},
     year = 2004,
    month = jul,
   volume = 609,
    pages = {498-512},
      doi = {10.1086/421105},
   adsurl = {http://adsabs.harvard.edu/abs/2004ApJ...609..498R},
  adsnote = {Provided by the Smithsonian/NASA Astrophysics Data System}
}

@ARTICLE{Readhead2004b,
   author = {{Readhead}, A.~C.~S. and others},
    title = "{Polarization Observations with the Cosmic Background Imager}",
  journal = {Science},
   eprint = {arXiv:astro-ph/0409569},
     year = 2004,
    month = oct,
   volume = 306,
    pages = {836-844},
      doi = {10.1126/science.1105598},
   adsurl = {http://adsabs.harvard.edu/abs/2004Sci...306..836R},
  adsnote = {Provided by the Smithsonian/NASA Astrophysics Data System}
}

@ARTICLE{Pearson2003,
   author = {{Pearson}, T.~J. and others},
    title = "{The Anisotropy of the Microwave Background to l = 3500: Mosaic Observations with the Cosmic Background Imager}",
  journal = {\apj},
   eprint = {arXiv:astro-ph/0205388},
     year = 2003,
    month = jul,
   volume = 591,
    pages = {556-574},
      doi = {10.1086/375508},
   adsurl = {http://adsabs.harvard.edu/abs/2003ApJ...591..556P},
  adsnote = {Provided by the Smithsonian/NASA Astrophysics Data System}
}

@ARTICLE{Jones2006,
   author = {{Jones}, W.~C. and others
    },
    title = "{Observations of the temperature and polarization anisotropies with BOOMERANG 2003}",
  journal = {New Astronomy Review},
     year = 2006,
    month = dec,
   volume = 50,
    pages = {945-950},
      doi = {10.1016/j.newar.2006.09.014},
   adsurl = {http://adsabs.harvard.edu/abs/2006NewAR..50..945J},
  adsnote = {Provided by the Smithsonian/NASA Astrophysics Data System}
}

@ARTICLE{Piacentini2006,
   author = {{Piacentini}, F. and others},
    title = "{A Measurement of the Polarization-Temperature Angular Cross-Power Spectrum of the Cosmic Microwave Background from the 2003 Flight of BOOMERANG}",
  journal = {\apj},
   eprint = {arXiv:astro-ph/0507507},
     year = 2006,
    month = aug,
   volume = 647,
    pages = {833-839},
      doi = {10.1086/505557},
   adsurl = {http://adsabs.harvard.edu/abs/2006ApJ...647..833P},
  adsnote = {Provided by the Smithsonian/NASA Astrophysics Data System}
}

@ARTICLE{Montroy2006,
     author    = "Montroy, Thomas E. and others",
     title     = "{A Measurement of the CMB  Spectrum from the 2003
                  Flight of BOOMERANG}",
     journal   = "Astrophys. J.",
     volume    = "647",
     year      = "2006",
     pages     = "813",
     eprint    = "astro-ph/0507514",
     archivePrefix = "arXiv",
     doi       = "10.1086/505560",
     SLACcitation  = "%%CITATION = ASTRO-PH/0507514;%%"
}

@ARTICLE{Dickinson2004,
     author    = "Dickinson, Clive and others",
     title     = "{High sensitivity measurements of the CMB power spectrum
                  with the extended Very Small Array}",
     journal   = "Mon. Not. Roy. Astron. Soc.",
     volume    = "353",
     year      = "2004",
     pages     = "732",
     eprint    = "astro-ph/0402498",
     archivePrefix = "arXiv",
     doi       = "10.1111/j.1365-2966.2004.08206.x",
     SLACcitation  = "%%CITATION = ASTRO-PH/0402498;%%"
}

@ARTICLE{Hanany2000,
     author    = "Hanany, S. and others",
     title     = "{MAXIMA-1: A Measurement of the Cosmic Microwave Background
                  Anisotropy on angular scales of 10 arcminutes to 5
                  degrees}",
     journal   = "Astrophys. J.",
     volume    = "545",
     year      = "2000",
     pages     = "L5",
     eprint    = "astro-ph/0005123",
     archivePrefix = "arXiv",
     SLACcitation  = "%%CITATION = ASTRO-PH/0005123;%%"
}

@ARTICLE{Sunyaev1972,
   author = {{Sunyaev}, R.~A. and {Zeldovich}, Y.~B.},
    title = "{The Observations of Relic Radiation as a Test of the Nature of X-Ray Radiation from the Clusters of Galaxies}",
  journal = {Comments on Astrophysics and Space Physics},
 keywords = {Cosmology, Microwave Background Radiation, Clusters of Galaxies, X-Ray Astronomy, Intergalactic Gas},
     year = 1972,
    month = nov,
   volume = 4,
    pages = {173-+},
   adsurl = {http://adsabs.harvard.edu/abs/1972CoASP...4..173S},
  adsnote = {Provided by the SAO/NASA Astrophysics Data System}
}

@ARTICLE{Sunyaev1980,
   author = {{Sunyaev}, R.~A. and {Zeldovich}, I.~B.},
    title = "{Microwave background radiation as a probe of the contemporary structure and history of the universe}",
  journal = {\araa},
 keywords = {BACKGROUND RADIATION, COSMOLOGY, MICROWAVES, RELIC RADIATION, UNIVERSE, BIG BANG COSMOLOGY, COMPTON EFFECT, COSMIC GASES, ENERGY TRANSFER, GALACTIC CLUSTERS, INTERGALACTIC MEDIA, MICROWAVE SPECTRA},
     year = 1980,
   volume = 18,
    pages = {537-560},
      doi = {10.1146/annurev.aa.18.090180.002541},
   adsurl = {http://adsabs.harvard.edu/abs/1980ARA%26A..18..537S},
  adsnote = {Provided by the SAO/NASA Astrophysics Data System}
}

@Article{Bond2005,
     author    = "Bond, J. R. and others",
     title     = "{The Sunyaev-Zeldovich effect in CMB-calibrated theories
                  applied to the Cosmic Background Imager anisotropy power at
                  l > 2000}",
     journal   = "Astrophys. J.",
     volume    = "626",
     year      = "2005",
     pages     = "12",
     eprint    = "astro-ph/0205386",
     archivePrefix = "arXiv",
     doi       = "10.1086/429855",
     SLACcitation  = "%%CITATION = ASTRO-PH/0205386;%%"
}

@Article{Komatsu2002,
     author    = "Komatsu, Eiichiro and Seljak, Uros",
     title     = "{The Sunyaev-Zel'dovich angular power spectrum as a probe
                  of cosmological parameters}",
     journal   = "Mon. Not. Roy. Astron. Soc.",
     volume    = "336",
     year      = "2002",
     pages     = "1256",
     eprint    = "astro-ph/0205468",
     archivePrefix = "arXiv",
     doi       = "10.1046/j.1365-8711.2002.05889.x",
     SLACcitation  = "%%CITATION = ASTRO-PH/0205468;%%"
}

@Article{Sehgal2009,
     author    = "Sehgal, Neelima and others",
     title     = "{Simulations of the Microwave Sky}",
     journal   = "Astrophys. J.",
     volume    = "709",
     year      = "2010",
     pages     = "920-936",
     eprint    = "0908.0540",
     archivePrefix = "arXiv",
     primaryClass  =  "astro-ph.CO",
     doi       = "10.1088/0004-637X/709/2/920",
     SLACcitation  = "%%CITATION = 0908.0540;%%"
}

@ARTICLE{Battaglia2010,
   author = {{Battaglia}, N. and {Bond}, J.~R. and {Pfrommer}, C. and {Sievers}, J.~L. and 
	{Sijacki}, D.},
    title = "{Simulations of the Sunyaev-Zel'dovich Power Spectrum with AGN Feedback}",
  journal = {ArXiv e-prints},
archivePrefix = "arXiv",
   eprint = {1003.4256},
 keywords = {Astrophysics - Cosmology and Extragalactic Astrophysics},
     year = 2010,
    month = mar,
   adsurl = {http://adsabs.harvard.edu/abs/2010arXiv1003.4256B},
  adsnote = {Provided by the SAO/NASA Astrophysics Data System}
}

@Article{Kessler2009,
     author    = "Kessler, Richard and others",
     title     = "{First-year Sloan Digital Sky Survey-II (SDSS-II) Supernova
                  Results: Hubble Diagram and Cosmological Parameters}",
     journal   = "Astrophys. J. Suppl.",
     volume    = "185",
     year      = "2009",
     pages     = "32-84",
     eprint    = "0908.4274",
     archivePrefix = "arXiv",
     primaryClass  =  "astro-ph.CO",
     doi       = "10.1088/0067-0049/185/1/32",
     SLACcitation  = "%%CITATION = 0908.4274;%%"
}

@Article{Miknaitis2007,
     author    = "Miknaitis, Gajus and others",
     title     = "{The ESSENCE Supernova Survey: Survey Optimization,
                  Observations, and Supernova Photometry}",
     journal   = "Astrophys. J.",
     volume    = "666",
     year      = "2007",
     pages     = "674",
     eprint    = "astro-ph/0701043",
     archivePrefix = "arXiv",
     doi       = "10.1086/519986",
     SLACcitation  = "%%CITATION = ASTRO-PH/0701043;%%"
}

@ARTICLE{Wood-Vasey2007,
     author    = "Wood-Vasey, W. Michael and others",
 collaboration = "ESSENCE",
     title     = "{Observational Constraints on the Nature of the Dark
                  Energy: First Cosmological Results from the ESSENCE
                  Supernova Survey}",
     journal   = "Astrophys. J.",
     volume    = "666",
     year      = "2007",
     pages     = "694-715",
     eprint    = "astro-ph/0701041",
     archivePrefix = "arXiv",
     doi       = "10.1086/518642",
     SLACcitation  = "%%CITATION = ASTRO-PH/0701041;%%"
}

@ARTICLE{Astier2006,
   author = {{Astier}, P. and {Guy}, J. and {Regnault}, N. and {Pain}, R. and
    {Aubourg}, E. and {Balam}, D. and {Basa}, S. and {Carlberg}, R.~G. and
    {Fabbro}, S. and {Fouchez}, D. and {Hook}, I.~M. and {Howell}, D.~A. and
    {Lafoux}, H. and {Neill}, J.~D. and {Palanque-Delabrouille}, N. and
    {Perrett}, K. and {Pritchet}, C.~J. and {Rich}, J. and {Sullivan}, M. and
    {Taillet}, R. and {Aldering}, G. and {Antilogus}, P. and {Arsenijevic}, V. and
    {Balland}, C. and {Baumont}, S. and {Bronder}, J. and {Courtois}, H. and
    {Ellis}, R.~S. and {Filiol}, M. and {Gon{\c c}alves}, A.~C. and
    {Goobar}, A. and {Guide}, D. and {Hardin}, D. and {Lusset}, V. and
    {Lidman}, C. and {McMahon}, R. and {Mouchet}, M. and {Mourao}, A. and
    {Perlmutter}, S. and {Ripoche}, P. and {Tao}, C. and {Walton}, N.
    },
    title = "{The Supernova Legacy Survey: measurement of {$\Omega_M$}, {$\Omega_\Lambda$}  and w from the first year data set}",
  journal = {\aap},
   eprint = {arXiv:astro-ph/0510447},
     year = 2006,
    month = feb,
   volume = 447,
    pages = {31-48},
      doi = {10.1051/0004-6361:20054185},
   adsurl = {http://adsabs.harvard.edu/abs/2006A%26A...447...31A},
  adsnote = {Provided by the Smithsonian/NASA Astrophysics Data System}
}

@ARTICLE{Garnavich1998,
   author = {{Garnavich}, P.~M. and {Kirshner}, R.~P. and {Challis}, P. and 
	{Tonry}, J. and {Gilliland}, R.~L. and {Smith}, R.~C. and {Clocchiatti}, A. and 
	{Diercks}, A. and {Filippenko}, A.~V. and {Hamuy}, M. and {Hogan}, C.~J. and 
	{Leibundgut}, B. and {Phillips}, M.~M. and {Reiss}, D. and {Riess}, A.~G. and 
	{Schmidt}, B.~P. and {Schommer}, R.~A. and {Spyromilio}, J. and 
	{Stubbs}, C. and {Suntzeff}, N.~B. and {Wells}, L.},
    title = "{Constraints on Cosmological Models from Hubble Space Telescope Observations of High-z Supernovae}",
  journal = {Astrophys. J., Lett.},
   eprint = {arXiv:astro-ph/9710123},
 keywords = {COSMOLOGY: OBSERVATIONS, GALAXIES: DISTANCES AND REDSHIFTS, STARS: SUPERNOVAE: GENERAL, STARS: SUPERNOVAE: INDIVIDUAL ALPHANUMERIC: SN 1997CE, STARS: SUPERNOVAE: INDIVIDUAL ALPHANUMERIC: SN 1997CJ, STARS: SUPERNOVAE: INDIVIDUAL ALPHANUMERIC: SN 1997CK},
     year = 1998,
    month = feb,
   volume = 493,
    pages = {L53+},
      doi = {10.1086/311140},
   adsurl = {http://adsabs.harvard.edu/abs/1998ApJ...493L..53G},
  adsnote = {Provided by the SAO/NASA Astrophysics Data System}
}

@ARTICLE{Knop2003,
     author    = "Knop, Robert A. and others",
 collaboration = "Supernova Cosmology Project",
     title     = "{New Constraints on $\Omega_M$, $\Omega_\Lambda$, and w
                  from an Independent Set of Eleven High-Redshift Supernovae
                  Observed with HST}",
     journal   = "Astrophys. J.",
     volume    = "598",
     year      = "2003",
     pages     = "102",
     eprint    = "astro-ph/0309368",
     archivePrefix = "arXiv",
     doi       = "10.1086/378560",
     SLACcitation  = "%%CITATION = ASTRO-PH/0309368;%%"
}

@ARTICLE{Riess2004,
   author = {{Riess}, A.~G. and {Strolger}, L.-G. and {Tonry}, J. and {Casertano}, S. and
    {Ferguson}, H.~C. and {Mobasher}, B. and {Challis}, P. and {Filippenko}, A.~V. and
    {Jha}, S. and {Li}, W. and {Chornock}, R. and {Kirshner}, R.~P. and
    {Leibundgut}, B. and {Dickinson}, M. and {Livio}, M. and {Giavalisco}, M. and
    {Steidel}, C.~C. and {Ben{\'{\i}}tez}, T. and {Tsvetanov}, Z.
    },
    title = "{Type Ia Supernova Discoveries at z > 1 from the Hubble Space Telescope: Evidence for Past Deceleration and Constraints on Dark Energy Evolution}",
  JOURNAL = {\apj},
     year = 2004,
    month = jun,
   volume = 607,
    pages = {665-687},
      doi = {10.1086/383612},
   adsurl = {http://adsabs.harvard.edu/cgi-bin/nph-bib_query?bibcode=2004ApJ...607..665R&db_key=AST},
  adsnote = {Provided by the Smithsonian/NASA Astrophysics Data System}
}

@ARTICLE{Riess2007,
   author = {{Riess}, A.~G. and {Strolger}, L.-G. and {Casertano}, S. and
    {Ferguson}, H.~C. and {Mobasher}, B. and {Gold}, B. and {Challis}, P.~J. and
    {Filippenko}, A.~V. and {Jha}, S. and {Li}, W. and {Tonry}, J. and
    {Foley}, R. and {Kirshner}, R.~P. and {Dickinson}, M. and {MacDonald}, E. and
    {Eisenstein}, D. and {Livio}, M. and {Younger}, J. and {Xu}, C. and
    {Dahl{\'e}n}, T. and {Stern}, D.},
    title = "{New Hubble Space Telescope Discoveries of Type Ia Supernovae at z >= 1: Narrowing Constraints on the Early Behavior of Dark Energy}",
  journal = {\apj},
   eprint = {arXiv:astro-ph/0611572},
     year = 2007,
    month = apr,
   volume = 659,
    pages = {98-121},
      doi = {10.1086/510378},
   adsurl = {http://adsabs.harvard.edu/abs/2007ApJ...659...98R},
  adsnote = {Provided by the Smithsonian/NASA Astrophysics Data System}
}

@Article{Reid2009,
     author    = "Reid, Beth A. and others",
     title     = "{Cosmological Constraints from the Clustering of the Sloan
                  Digital Sky Survey DR7 Luminous Red Galaxies}",
     year      = "2009",
     eprint    = "0907.1659",
     archivePrefix = "arXiv",
     primaryClass  =  "astro-ph.CO",
     SLACcitation  = "%%CITATION = 0907.1659;%%"
}

@ARTICLE{Massey2007,
   author = {{Massey}, R. and others},
    title = "{COSMOS: Three-dimensional Weak Lensing and the Growth of Structure}",
  journal = {\apjs},
   eprint = {arXiv:astro-ph/0701480},
 keywords = {Cosmology: Observations, Cosmology: Gravitational Lensing, Cosmology: Large-Scale Structure of Universe},
     year = 2007,
    month = sep,
   volume = 172,
    pages = {239-253},
      doi = {10.1086/516599},
   adsurl = {http://adsabs.harvard.edu/abs/2007ApJS..172..239M},
  adsnote = {Provided by the SAO/NASA Astrophysics Data System}
}

@ARTICLE{Lesgourgues2007,
   author = {{Lesgourgues}, J. and {Viel}, M. and {Haehnelt}, M.~G. and {Massey}, R.
    },
    title = "{A combined analysis of 3D weak lensing, Lyman-{$\alpha$} forest and WMAP year three data}",
  journal = {Journal of Cosmology and Astro-Particle Physics},
   eprint = {arXiv:0705.0533},
     year = 2007,
    month = nov,
   volume = 11,
    pages = {8-+},
      doi = {10.1088/1475-7516/2007/11/008},
   adsurl = {http://adsabs.harvard.edu/abs/2007JCAP...11..008L},
  adsnote = {Provided by the SAO/NASA Astrophysics Data System}
}

@ARTICLE{Hoekstra2006,
   author = {{Hoekstra}, H. and {Mellier}, Y. and {van Waerbeke}, L. and
    {Semboloni}, E. and {Fu}, L. and {Hudson}, M.~J. and {Parker}, L.~C. and
    {Tereno}, I. and {Benabed}, K.},
    title = "{First Cosmic Shear Results from the Canada-France-Hawaii Telescope Wide Synoptic Legacy Survey}",
  journal = {\apj},
   eprint = {arXiv:astro-ph/0511089},
     year = 2006,
    month = aug,
   volume = 647,
    pages = {116-127},
      doi = {10.1086/503249},
   adsurl = {http://adsabs.harvard.edu/abs/2006ApJ...647..116H},
  adsnote = {Provided by the Smithsonian/NASA Astrophysics Data System}
}

@ARTICLE{Schimd2007,
   author = {{Schimd}, C. and {Tereno}, I. and {Uzan}, J.-P. and {Mellier}, Y. and
    {van Waerbeke}, L. and {Semboloni}, E. and {Hoekstra}, H. and
    {Fu}, L. and {Riazuelo}, A.},
    title = "{Tracking quintessence by cosmic shear. Constraints from VIRMOS-Descart and CFHTLS and future prospects}",
  journal = {\aap},
   eprint = {arXiv:astro-ph/0603158},
 keywords = {gravitational lensing, cosmology: theory, cosmological parameters, methods:, data analysis},
     year = 2007,
    month = feb,
   volume = 463,
    pages = {405-421},
      doi = {10.1051/0004-6361:20065154},
   adsurl = {http://adsabs.harvard.edu/abs/2007A%26A...463..405S},
  adsnote = {Provided by the SAO/NASA Astrophysics Data System}
}

@ARTICLE{Hoekstra2002b,
     author    = "Hoekstra, Henk and Yee, Howard K. C. and Gladders, Mike D.
                  ",
     title     = "{Constraints on Omegam and sigma8 from weak lensing in
                  RCS fields}",
     journal   = "Astrophys. J.",
     volume    = "577",
     year      = "2002",
     pages     = "595-603",
     eprint    = "astro-ph/0204295",
     archivePrefix = "arXiv",
     doi       = "10.1086/342120",
     SLACcitation  = "%%CITATION = ASTRO-PH/0204295;%%"
}

@ARTICLE{Hoekstra2002a,
   author = {{Hoekstra}, H. and {Yee}, H.~K.~C. and {Gladders}, M.~D. and
    {Barrientos}, L.~F. and {Hall}, P.~B. and {Infante}, L.},
    title = "{A Measurement of Weak Lensing by Large-Scale Structure in Red-Sequence Cluster Survey Fields}",
  journal = {\apj},
   eprint = {arXiv:astro-ph/0202285},
 keywords = {Cosmology: Observations, Cosmology: Dark Matter, Cosmology: Gravitational Lensing},
     year = 2002,
    month = jun,
   volume = 572,
    pages = {55-65},
      doi = {10.1086/340298},
   adsurl = {http://adsabs.harvard.edu/abs/2002ApJ...572...55H},
  adsnote = {Provided by the SAO/NASA Astrophysics Data System}
}

@ARTICLE{Van-Waerbeke2005,
   author = {{Van Waerbeke}, L. and {Mellier}, Y. and {Hoekstra}, H.},
    title = "{Dealing with systematics in cosmic shear studies: New results from the VIRMOS-Descart survey}",
  journal = {\aap},
   eprint = {arXiv:astro-ph/0406468},
     year = 2005,
    month = jan,
   volume = 429,
    pages = {75-84},
      doi = {10.1051/0004-6361:20041513},
   adsurl = {http://adsabs.harvard.edu/abs/2005A%26A...429...75V},
  adsnote = {Provided by the Smithsonian/NASA Astrophysics Data System}
}

@Article{Baumann2008,
     author    = "Baumann, Daniel and others",
 collaboration = "CMBPol Study Team",
     title     = "{CMBPol Mission Concept Study: Probing Inflation with CMB
                  Polarization}",
     journal   = "AIP Conf. Proc.",
     volume    = "1141",
     year      = "2009",
     pages     = "10-120",
     eprint    = "0811.3919",
     archivePrefix = "arXiv",
     primaryClass  =  "astro-ph",
     doi       = "10.1063/1.3160885",
     SLACcitation  = "%%CITATION = 0811.3919;%%"
}

@Article{Dunkley2008,
     author    = "Dunkley, J. and others",
     title     = "{CMBPol Mission Concept Study: Prospects for polarized
                  foreground removal}",
     year      = "2008",
     eprint    = "0811.3915",
     archivePrefix = "arXiv",
     primaryClass  =  "astro-ph",
     SLACcitation  = "%%CITATION = 0811.3915;%%"
}


@ARTICLE{WMAP9Maps,
   author = {{Bennett}, C.~L. and {Larson}, D. and {Weiland}, J.~L. and {Jarosik}, N. and 
	{Hinshaw}, G. and {Odegard}, N. and {Smith}, K.~M. and {Hill}, R.~S. and 
	{Gold}, B. and {Halpern}, M. and {Komatsu}, E. and {Nolta}, M.~R. and 
	{Page}, L. and {Spergel}, D.~N. and {Wollack}, E. and {Dunkley}, J. and 
	{Kogut}, A. and {Limon}, M. and {Meyer}, S.~S. and {Tucker}, G.~S. and 
	{Wright}, E.~L.},
    title = "{Nine-year Wilkinson Microwave Anisotropy Probe (WMAP) Observations: Final Maps and Results}",
  journal = {\apjs},
archivePrefix = "arXiv",
   eprint = {1212.5225},
 primaryClass = "astro-ph.CO",
 keywords = {cosmic background radiation, cosmology: observations, dark matter, early universe, instrumentation: detectors, space vehicles, space vehicles: instruments, telescopes},
     year = 2013,
    month = oct,
   volume = 208,
      eid = {20},
    pages = {20},
      doi = {10.1088/0067-0049/208/2/20},
   adsurl = {http://adsabs.harvard.edu/abs/2013ApJS..208...20B},
  adsnote = {Provided by the SAO/NASA Astrophysics Data System}
}

@ARTICLE{WMAP9Cosmology,
   author = {{Hinshaw}, G. and {Larson}, D. and {Komatsu}, E. and {Spergel}, D.~N. and 
	{Bennett}, C.~L. and {Dunkley}, J. and {Nolta}, M.~R. and {Halpern}, M. and 
	{Hill}, R.~S. and {Odegard}, N. and {Page}, L. and {Smith}, K.~M. and 
	{Weiland}, J.~L. and {Gold}, B. and {Jarosik}, N. and {Kogut}, A. and 
	{Limon}, M. and {Meyer}, S.~S. and {Tucker}, G.~S. and {Wollack}, E. and 
	{Wright}, E.~L.},
    title = "{Nine-year Wilkinson Microwave Anisotropy Probe (WMAP) Observations: Cosmological Parameter Results}",
  journal = {\apjs},
archivePrefix = "arXiv",
   eprint = {1212.5226},
 primaryClass = "astro-ph.CO",
 keywords = {cosmic background radiation, cosmology: observations, dark matter, early universe, instrumentation: detectors, space vehicles, space vehicles: instruments, telescopes },
     year = 2013,
    month = oct,
   volume = 208,
      eid = {19},
    pages = {19},
      doi = {10.1088/0067-0049/208/2/19},
   adsurl = {http://adsabs.harvard.edu/abs/2013ApJS..208...19H},
  adsnote = {Provided by the SAO/NASA Astrophysics Data System}
}

@ARTICLE{Planck2013Overview,
   author = {{Planck Collaboration} and {Ade}, P.~A.~R. and {Aghanim}, N. and 
	{Armitage-Caplan}, C. and {Arnaud}, M. and {Ashdown}, M. and 
	{Atrio-Barandela}, F. and {Aumont}, J. and {Baccigalupi}, C. and 
	{Banday}, A.~J. and et al.},
    title = "{Planck 2013 results. I. Overview of products and scientific results}",
  journal = {ArXiv e-prints},
archivePrefix = "arXiv",
   eprint = {1303.5062},
 primaryClass = "astro-ph.CO",
 keywords = {Astrophysics - Cosmology and Extragalactic Astrophysics},
     year = 2013,
    month = mar,
   adsurl = {http://adsabs.harvard.edu/abs/2013arXiv1303.5062P},
  adsnote = {Provided by the SAO/NASA Astrophysics Data System}
}

@ARTICLE{Planck2013PowerSpectra,
   author = {{Planck collaboration} and {Ade}, P.~A.~R. and {Aghanim}, N. and 
	{Armitage-Caplan}, C. and {Arnaud}, M. and {Ashdown}, M. and 
	{Atrio-Barandela}, F. and {Aumont}, J. and {Baccigalupi}, C. and 
	{Banday}, A.~J. and et al.},
    title = "{Planck 2013 results. XV. CMB power spectra and likelihood}",
  journal = {ArXiv e-prints},
archivePrefix = "arXiv",
   eprint = {1303.5075},
 primaryClass = "astro-ph.CO",
 keywords = {Astrophysics - Cosmology and Extragalactic Astrophysics},
     year = 2013,
    month = mar,
   adsurl = {http://adsabs.harvard.edu/abs/2013arXiv1303.5075P},
  adsnote = {Provided by the SAO/NASA Astrophysics Data System}
}

@ARTICLE{Planck2013Parameters,
   author = {{Planck Collaboration} and {Ade}, P.~A.~R. and {Aghanim}, N. and 
	{Armitage-Caplan}, C. and {Arnaud}, M. and {Ashdown}, M. and 
	{Atrio-Barandela}, F. and {Aumont}, J. and {Baccigalupi}, C. and 
	{Banday}, A.~J. and et al.},
    title = "{Planck 2013 results. XVI. Cosmological parameters}",
  journal = {ArXiv e-prints},
archivePrefix = "arXiv",
   eprint = {1303.5076},
 primaryClass = "astro-ph.CO",
 keywords = {Astrophysics - Cosmology and Extragalactic Astrophysics},
     year = 2013,
    month = mar,
   adsurl = {http://adsabs.harvard.edu/abs/2013arXiv1303.5076P},
  adsnote = {Provided by the SAO/NASA Astrophysics Data System}
}



@ARTICLE{BICEP2,
   author = {{BICEP2 Collaboration} and {Ade}, P.~A.~R and {Aikin}, R.~W. and 
	{Barkats}, D. and {Benton}, S.~J. and {Bischoff}, C.~A. and 
	{Bock}, J.~J. and {Brevik}, J.~A. and {Buder}, I. and {Bullock}, E. and 
	{Dowell}, C.~D. and {Duband}, L. and {Filippini}, J.~P. and 
	{Fliescher}, S. and {Golwala}, S.~R. and {Halpern}, M. and {Hasselfield}, M. and 
	{Hildebrandt}, S.~R. and {Hilton}, G.~C. and {Hristov}, V.~V. and 
	{Irwin}, K.~D. and {Karkare}, K.~S. and {Kaufman}, J.~P. and 
	{Keating}, B.~G. and {Kernasovskiy}, S.~A. and {Kovac}, J.~M. and 
	{Kuo}, C.~L. and {Leitch}, E.~M. and {Lueker}, M. and {Mason}, P. and 
	{Netterfield}, C.~B. and {Nguyen}, H.~T. and {O'Brient}, R. and 
	{Ogburn}, IV, R.~W. and {Orlando}, A. and {Pryke}, C. and {Reintsema}, C.~D. and 
	{Richter}, S. and {Schwarz}, R. and {Sheehy}, C.~D. and {Staniszewski}, Z.~K. and 
	{Sudiwala}, R.~V. and {Teply}, G.~P. and {Tolan}, J.~E. and 
	{Turner}, A.~D. and {Vieregg}, A.~G. and {Wong}, C.~L. and {Yoon}, K.~W.
	},
    title = "{BICEP2 I: Detection Of B-mode Polarization at Degree Angular Scales}",
  journal = {ArXiv e-prints},
archivePrefix = "arXiv",
   eprint = {1403.3985},
 primaryClass = "astro-ph.CO",
 keywords = {Astrophysics - Cosmology and Extragalactic Astrophysics, General Relativity and Quantum Cosmology, High Energy Physics - Phenomenology, High Energy Physics - Theory},
     year = 2014,
    month = mar,
   adsurl = {http://adsabs.harvard.edu/abs/2014arXiv1403.3985B},
  adsnote = {Provided by the SAO/NASA Astrophysics Data System}
}

@Article{Vaudrevange:2009ag,
     author    = "Vaudrevange, Pascal M. and Podolsky, Dmitry I. and
                  Starkman, Glenn D.",
     title     = "{Surprising phenomena in a rich new class of inflationary
                  models}",
     journal   = "JCAP",
     volume    = "1004",
     year      = "2010",
     pages     = "031",
     eprint    = "0911.3397",
     archivePrefix = "arXiv",
     primaryClass  =  "astro-ph.CO",
     doi       = "10.1088/1475-7516/2010/04/031",
     SLACcitation  = "%%CITATION = 0911.3397;%%"
}

@Article{March:2010ex,
     author    = "March, M. C. and Starkman, G. D. and Trotta, R. and
                  Vaudrevange, P. M.",
     title     = "{Should we doubt the cosmological constant?}",
     year      = "2010",
     eprint    = "1005.3655",
     archivePrefix = "arXiv",
     primaryClass  =  "astro-ph.CO",
     SLACcitation  = "%%CITATION = 1005.3655;%%"
}

@Article{Starkman:2008py,
     author    = "Starkman, Glenn D and Trotta, Roberto and Vaudrevange,
                  Pascal M",
     title     = "{Introducing doubt in Bayesian model comparison}",
     year      = "2008",
     eprint    = "0811.2415",
     archivePrefix = "arXiv",
     primaryClass  =  "physics.data-an",
     SLACcitation  = "%%CITATION = 0811.2415;%%"
}








%%%%%%%%%%%%%%%%%%%%
%%%%%%%%%%%%%%%%%%%%
%Introduction      %
%%%%%%%%%%%%%%%%%%%%
%%%%%%%%%%%%%%%%%%%%
@Article{Penzias:1965wn,
     author    = "Penzias, Arno A. and Wilson, Robert Woodrow",
     title     = "A Measurement of excess antenna temperature at 4080-Mc/s",
     journal   = "Astrophys. J.",
     volume    = "142",
     year      = "1965",
     pages     = "419-421",
     SLACcitation  = "%%CITATION = ASJOA,142,419;%%"
}


@Article{Guth:1980zm,
     author    = "Guth, Alan H.",
     title     = "The Inflationary Universe: A Possible Solution to the
                  Horizon and Flatness Problems",
     journal   = "Phys. Rev.",
     volume    = "D23",
     year      = "1981",
     pages     = "347-356",
     SLACcitation  = "%%CITATION = PHRVA,D23,347;%%"
}

@Article{Hinshaw:2006ia,
     author    = "Hinshaw, G. and others",
     collaboration = "WMAP",
     title     = "Three-year Wilkinson Microwave Anisotropy Probe (WMAP)
                  observations:  Temperature analysis",
     year      = "0300",
     eprint    = "astro-ph/0603451",
     SLACcitation  = "%%CITATION = ASTRO-PH/0603451;%%"
}

@Book{Dodelson:2003ft,
     author    = "Dodelson, Scott",
     title     = "Modern cosmology",
     year      = "2003",
     publisher = "Amsterdam, Netherlands: Academic Pr.",
     note      = "440 p"
}

@Book{Mukhanov:2005sc,
     author    = "Mukhanov, V.",
     title     = "Physical foundations of cosmology",
     year      = "2005",
     publisher = "Cambridge, UK: Univ. Pr.",
     note     = "421 p"
}


@Article{Zaldarriaga:1998ar,
     author    = "Zaldarriaga, Matias and Seljak, Uros",
     title     = "Gravitational Lensing Effect on Cosmic Microwave Background
                  Polarization",
     journal   = "Phys. Rev.",
     volume    = "D58",
     year      = "1998",
     pages     = "023003",
     eprint    = "astro-ph/9803150",
     SLACcitation  = "%%CITATION = ASTRO-PH/9803150;%%"
}

@Article{Knox:2002pe,
     author    = "Knox, Lloyd and Song, Yong-Seon",
     title     = "A limit on the detectability of the energy scale of
                  inflation",
     journal   = "Phys. Rev. Lett.",
     volume    = "89",
     year      = "2002",
     pages     = "011303",
     eprint    = "astro-ph/0202286",
     SLACcitation  = "%%CITATION = ASTRO-PH/0202286;%%"
}

@Article{Douglas:2003um,
     author    = "Douglas, Michael R.",
     title     = "The statistics of string / M theory vacua",
     journal   = "JHEP",
     volume    = "05",
     year      = "2003",
     pages     = "046",
     eprint    = "hep-th/0303194",
     SLACcitation  = "%%CITATION = HEP-TH/0303194;%%"
}

@Article{Bond:2006nc,
     author    = "Bond, J. Richard and Kofman, Lev and Prokushkin, Sergey and
                  Vaudrevange, Pascal M.",
     title     = "Roulette inflation with Kaehler moduli and their axions",
     journal   = "Phys. Rev.",
     volume    = "D75",
     year      = "2007",
     pages     = "123511",
     eprint    = "hep-th/0612197",
     SLACcitation  = "%%CITATION = HEP-TH/0612197;%%"
}

@Article{Vaudrevange:2007su,
     author    = "Vaudrevange, Pascal M. and Kofman, Lev",
     title     = "Trans-Planckian Issue in the Milne Universe",
     year      = "0600",
     eprint    = "arXiv:0706.0980 [hep-th]",
     SLACcitation  = "%%CITATION = ARXIV:0706.0980;%%"
}

%%%%%%%%%%%%%%%%%%%%
%%%%%%%%%%%%%%%%%%%%
%Scanning Inflation%
%%%%%%%%%%%%%%%%%%%%
%%%%%%%%%%%%%%%%%%%%



@Article{scanning1,
  author = 	 "Bond, J.~Richard and Contaldi, Carlo and Kofman, Lev and Vaudrevange, Pascal M.",
  title = 	 "Scanning Inflationary Trajectories I: Constraining the Power Spectra",
  journal = 	 "in prep.",
  year = 	 {},
  OPTkey = 	 {},
  OPTvolume = 	 {},
  OPTnumber = 	 {},
  OPTpages = 	 {},
  OPTmonth = 	 {},
  OPTnote = 	 {},
  OPTannote = 	 {}
}

@Article{scanning2,
  author = 	 "Bond, J.~Richard and Contaldi, Carlo and Kofman, Lev and Vaudrevange, Pascal M.",
  title = 	 "Scanning Inflationary Trajectories II: Constraining the Acceleration Trajectories",
  journal = 	 "in prep.",
  year = 	 {},
  OPTkey = 	 {},
  OPTvolume = 	 {},
  OPTnumber = 	 {},
  OPTpages = 	 {},
  OPTmonth = 	 {},
  OPTnote = 	 {},
  OPTannote = 	 {}
}


@Book{Linde:2005ht,
     author    = "Linde, Andrei D.",
     title     = "Particle Physics and Inflationary Cosmology",
     year      = "1990",
     publisher = "Chur, Switzerland: Harwood",
     eprint    = "hep-th/05032",
     SLACcitation  = "%%CITATION = HEP-TH/0503203;%%",
     notes     = "362p"
}

@Article{Liddle:2000cg,
     author    = "Liddle, A. R. and Lyth, D. H.",
     title     = "Cosmological inflation and large-scale structure",
     year      = "2000",
     publisher = "Cambridge University Press",
     note      = "400p"
}

@Article{Susskind:2003kw,
     author    = "Susskind, Leonard",
     title     = "The anthropic landscape of string theory",
     year      = "2003",
     eprint    = "hep-th/0302219",
     SLACcitation  = "%%CITATION = HEP-TH/0302219;%%"
}


@Article{Hoffman:2000ue,
     author    = "Hoffman, Mark B. and Turner, Michael S.",
     title     = "Kinematic constraints to the key inflationary observables",
     journal   = "Phys. Rev.",
     volume    = "D64",
     year      = "2001",
     pages     = "023506",
     eprint    = "astro-ph/0006321",
     SLACcitation  = "%%CITATION = ASTRO-PH/0006321;%%"
}

@Article{Easther:2002rw,
     author    = "Easther, Richard and Kinney, William H.",
     title     = "Monte Carlo reconstruction of the inflationary potential",
     journal   = "Phys. Rev.",
     volume    = "D67",
     year      = "2003",
     pages     = "043511",
     eprint    = "astro-ph/0210345",
     SLACcitation  = "%%CITATION = ASTRO-PH/0210345;%%"
}

@Article{Salopek:1990jq,
     author    = "Salopek, D. S. and Bond, J. R.",
     title     = "Nonlinear evolution of long wavelength metric fluctuations
                  in inflationary models",
     journal   = "Phys. Rev.",
     volume    = "D42",
     year      = "1990",
     pages     = "3936-3962",
     SLACcitation  = "%%CITATION = PHRVA,D42,3936;%%"
}

@Article{Kinney:2002qn,
     author    = "Kinney, William H.",
     title     = "Inflation: Flow, fixed points and observables to arbitrary
                  order in  slow roll",
     journal   = "Phys. Rev.",
     volume    = "D66",
     year      = "2002",
     pages     = "083508",
     eprint    = "astro-ph/0206032",
     SLACcitation  = "%%CITATION = ASTRO-PH/0206032;%%"
}

@Article{Liddle:1994dx,
     author    = "Liddle, Andrew R. and Parsons, Paul and Barrow, John D.",
     title     = "Formalizing the slow roll approximation in inflation",
     journal   = "Phys. Rev.",
     volume    = "D50",
     year      = "1994",
     pages     = "7222-7232",
     eprint    = "astro-ph/9408015",
     SLACcitation  = "%%CITATION = ASTRO-PH/9408015;%%"
}

@Article{Stewart:1993bc,
     author    = "Stewart, Ewan D. and Lyth, David H.",
     title     = "A More accurate analytic calculation of the spectrum of
                  cosmological perturbations produced during inflation",
     journal   = "Phys. Lett.",
     volume    = "B302",
     year      = "1993",
     pages     = "171-175",
     eprint    = "gr-qc/9302019",
     SLACcitation  = "%%CITATION = GR-QC/9302019;%%"
}

@Article{Yokoyama:2006mn,
     author    = "Yokoyama, Shuichiro and Tanaka, Takahiro and Sasaki, Misao
                  and Stewart, Ewan D.",
     title     = "Wronskian Formulation of the Spectrum of Curvature
                  Perturbations",
     journal   = "JCAP",
     volume    = "0606",
     year      = "2006",
     pages     = "020",
     eprint    = "astro-ph/0605021",
     SLACcitation  = "%%CITATION = ASTRO-PH/0605021;%%"
}

@Article{Abazajian:2005dt,
     author    = "Abazajian, Kevork and Kadota, Kenji and Stewart, Ewan D.",
     title     = "Parameterizing the Power Spectrum: Beyond the Truncated
                  Taylor Expansion",
     journal   = "JCAP",
     volume    = "0508",
     year      = "2005",
     pages     = "008",
     eprint    = "astro-ph/0507224",
     SLACcitation  = "%%CITATION = ASTRO-PH/0507224;%%"
}

@Article{Lee:2005bb,
     author    = "Lee, Hyun-Chul and Sasaki, Misao and Stewart, Ewan D. and
                  Tanaka, Takahiro and Yokoyama, Shuichiro",
     title     = "A new delta N formalism for multi-component inflation",
     journal   = "JCAP",
     volume    = "0510",
     year      = "2005",
     pages     = "004",
     eprint    = "astro-ph/0506262",
     SLACcitation  = "%%CITATION = ASTRO-PH/0506262;%%"
}

@Article{GrootNibbelink:2001qt,
     author    = "Groot Nibbelink, S. and van Tent, B. J. W.",
     title     = "Scalar perturbations during multiple field slow-roll
                  inflation",
     journal   = "Class. Quant. Grav.",
     volume    = "19",
     year      = "2002",
     pages     = "613-640",
     eprint    = "hep-ph/0107272",
     SLACcitation  = "%%CITATION = HEP-PH/0107272;%%"
}

@Article{GrootNibbelink:2000vx,
     author    = "Groot Nibbelink, S. and van Tent, B. J. W.",
     title     = "Density perturbations arising from multiple field slow-roll
                  inflation",
     year      = "2000",
     eprint    = "hep-ph/0011325",
     SLACcitation  = "%%CITATION = HEP-PH/0011325;%%"
}

@Article{Dodelson:2003vq,
     author    = "Dodelson, Scott and Hui, Lam",
     title     = "A horizon ratio bound for inflationary fluctuations",
     journal   = "Phys. Rev. Lett.",
     volume    = "91",
     year      = "2003",
     pages     = "131301",
     eprint    = "astro-ph/0305113",
     SLACcitation  = "%%CITATION = ASTRO-PH/0305113;%%"
}

@Article{Malquarti:2003ia,
     author    = "Malquarti, Michael and Leach, Samuel M. and Liddle, Andrew
                  R.",
     title     = "From the production of primordial perturbations to the end
                  of  inflation",
     journal   = "Phys. Rev.",
     volume    = "D69",
     year      = "2004",
     pages     = "063505",
     eprint    = "astro-ph/0310498",
     SLACcitation  = "%%CITATION = ASTRO-PH/0310498;%%"
}

@Article{Liddle:2003as,
     author    = "Liddle, Andrew R and Leach, Samuel M",
     title     = "How long before the end of inflation were observable
                  perturbations  produced?",
     journal   = "Phys. Rev.",
     volume    = "D68",
     year      = "2003",
     pages     = "103503",
     eprint    = "astro-ph/0305263",
     SLACcitation  = "%%CITATION = ASTRO-PH/0305263;%%"
}

@Article{Barger:2003ym,
     author    = "Barger, V. and Lee, Hye-Sung and Marfatia, Danny",
     title     = "WMAP and inflation",
     journal   = "Phys. Lett.",
     volume    = "B565",
     year      = "2003",
     pages     = "33-41",
     eprint    = "hep-ph/0302150",
     SLACcitation  = "%%CITATION = HEP-PH/0302150;%%"
}

@Article{Hinshaw:2003fc,
     author    = "Hinshaw, G. and others",
 collaboration = "WMAP",
     title     = "First Year Wilkinson Microwave Anisotropy Probe (WMAP)
                  Observations: Data Processing Methods and Systematic Errors
                  Limits",
     journal   = "Astrophys. J. Suppl.",
     volume    = "148",
     year      = "2003",
     pages     = "63",
     eprint    = "astro-ph/0302222",
     SLACcitation  = "%%CITATION = ASTRO-PH/0302222;%%"
}

@Article{Readhead:2004gy,
     author    = "Readhead, A. C. S. and others",
     title     = "Extended Mosaic Observations with the Cosmic Background
                  Imager",
     journal   = "Astrophys. J.",
     volume    = "609",
     year      = "2004",
     pages     = "498-512",
     eprint    = "astro-ph/0402359",
     SLACcitation  = "%%CITATION = ASTRO-PH/0402359;%%"
}

@Article{Kuo:2002ua,
     author    = "Kuo, Chao-lin and others",
 collaboration = "ACBAR",
     title     = "High Resolution Observations of the CMB Power Spectrum with
                  ACBAR",
     journal   = "Astrophys. J.",
     volume    = "600",
     year      = "2004",
     pages     = "32-51",
     eprint    = "astro-ph/0212289",
     SLACcitation  = "%%CITATION = ASTRO-PH/0212289;%%"
}

@Article{Dickinson:2004yr,
     author    = "Dickinson, Clive and others",
     title     = "High sensitivity measurements of the CMB power spectrum
                  with the extended Very Small Array",
     journal   = "Mon. Not. Roy. Astron. Soc.",
     volume    = "353",
     year      = "2004",
     pages     = "732",
     eprint    = "astro-ph/0402498",
     SLACcitation  = "%%CITATION = ASTRO-PH/0402498;%%"
}

@Article{Halverson:2001yy,
     author    = "Halverson, N. W. and others",
     title     = "{DASI} First Results: A Measurement of the Cosmic Microwave
                  Background Angular Power Spectrum",
     journal   = "Astrophys. J.",
     volume    = "568",
     year      = "2002",
     pages     = "38-45",
     eprint    = "astro-ph/0104489",
     SLACcitation  = "%%CITATION = ASTRO-PH/0104489;%%"
}

@Article{Hanany:2000qf,
     author    = "Hanany, S. and others",
     title     = "MAXIMA-1: A Measurement of the Cosmic Microwave Background
                  Anisotropy on angular scales of 10 arcminutes to 5
                  degrees",
     journal   = "Astrophys. J.",
     volume    = "545",
     year      = "2000",
     pages     = "L5",
     eprint    = "astro-ph/0005123",
     SLACcitation  = "%%CITATION = ASTRO-PH/0005123;%%"
}


@Article{Peiris:2003ff,
     author    = "Peiris, H. V. and others",
 collaboration = "WMAP",
     title     = "First year Wilkinson Microwave Anisotropy Probe (WMAP)
                  observations:  Implications for inflation",
     journal   = "Astrophys. J. Suppl.",
     volume    = "148",
     year      = "2003",
     pages     = "213",
     eprint    = "astro-ph/0302225",
     SLACcitation  = "%%CITATION = ASTRO-PH/0302225;%%"
}

@Article{Spergel:2003cb,
     author    = "Spergel, D. N. and others",
 collaboration = "WMAP",
     title     = "First Year Wilkinson Microwave Anisotropy Probe (WMAP)
                  Observations: Determination of Cosmological Parameters",
     journal   = "Astrophys. J. Suppl.",
     volume    = "148",
     year      = "2003",
     pages     = "175",
     eprint    = "astro-ph/0302209",
     SLACcitation  = "%%CITATION = ASTRO-PH/0302209;%%"
}

@Article{Bennett:2003bz,
     author    = "Bennett, C. L. and others",
 collaboration = "WMAP",
     title     = "First Year Wilkinson Microwave Anisotropy Probe (WMAP)
                  Observations: Preliminary Maps and Basic Results",
     journal   = "Astrophys. J. Suppl.",
     volume    = "148",
     year      = "2003",
     pages     = "1",
     eprint    = "astro-ph/0302207",
     SLACcitation  = "%%CITATION = ASTRO-PH/0302207;%%"
}

@Article{Lidsey:1995np,
     author    = "Lidsey, James E. and others",
     title     = "Reconstructing the inflaton potential: An overview",
     journal   = "Rev. Mod. Phys.",
     volume    = "69",
     year      = "1997",
     pages     = "373-410",
     eprint    = "astro-ph/9508078",
     SLACcitation  = "%%CITATION = ASTRO-PH/9508078;%%"
}

@Article{Tegmark:2004qd,
     author    = "Tegmark, Max",
     title     = "What does inflation really predict?",
     journal   = "JCAP",
     volume    = "0504",
     year      = "2005",
     pages     = "001",
     eprint    = "astro-ph/0410281",
     SLACcitation  = "%%CITATION = ASTRO-PH/0410281;%%"
}

@Article{Kinney:2003uw,
     author    = "Kinney, William H. and Kolb, Edward W. and Melchiorri,
                  Alessandro and Riotto, Antonio",
     title     = "WMAPping inflationary physics",
     journal   = "Phys. Rev.",
     volume    = "D69",
     year      = "2004",
     pages     = "103516",
     eprint    = "hep-ph/0305130",
     SLACcitation  = "%%CITATION = HEP-PH/0305130;%%"
}

@Article{Liddle:2003py,
     author    = "Liddle, Andrew R",
     title     = "On the inflationary flow equations",
     journal   = "Phys. Rev.",
     volume    = "D68",
     year      = "2003",
     pages     = "103504",
     eprint    = "astro-ph/0307286",
     SLACcitation  = "%%CITATION = ASTRO-PH/0307286;%%"
}

@Article{Mukhanov:1990me,
     author    = "Mukhanov, Viatcheslav F. and Feldman, H. A. and
                  Brandenberger, Robert H.",
     title     = "Theory of cosmological perturbations. Part 1. Classical
                  perturbations. Part 2. Quantum theory of perturbations.
                  Part 3. Extensions",
     journal   = "Phys. Rept.",
     volume    = "215",
     year      = "1992",
     pages     = "203-333",
     SLACcitation  = "%%CITATION = PRPLC,215,203;%%"
}

@Book{numer, 
     author    = "Press, W. and Teukolsky, S. and  Vetterling, W. and Flannery B.",
     title     = "Numerical Recipes in Fortran",
     publisher = "Cambridge University Press",
     year      = "1992",
     note      = "p. 184",
}

@Book{CPB,
     author    = "Mason, J. C. and  Handscomb, D. C.",
     title     = "Chebyshev Polynomials",
     publisher = "Chapman and Hall/CRC",
     year      = "2003",
     note      = "p.112"
}

@Article{Mukherjee:2005wg,
     author    = "Mukherjee, Pia and Parkinson, David and Liddle, Andrew R.",
     title     = "A Nested Sampling Algorithm for Cosmological Model
                  Selection",
     journal   = "Astrophys. J.",
     volume    = "638",
     year      = "2006",
     pages     = "L51-L54",
     eprint    = "astro-ph/0508461",
     SLACcitation  = "%%CITATION = ASTRO-PH/0508461;%%"
}

@Article{Liddle:2006tc,
     author    = "Liddle, Andrew R. and Mukherjee, Pia and Parkinson, David",
     title     = "Cosmological model selection",
     journal   = "Astron. Geophys.",
     volume    = "47",
     year      = "2006",
     pages     = "4.30-4.33",
     eprint    = "astro-ph/0608184",
     SLACcitation  = "%%CITATION = ASTRO-PH/0608184;%%"
}

@Article{Akaike:1974,
     author    = "Akaike, H.",
     title     = "A new look at the statistical model identification",
     journal   = "IEEE Transactions on Automatic Control",
     volume    = "19 (6)",
     year      = "1974",
     pages     = "716-723"
}

@Article{Schwarz:1978,
     author    = "Schwarz, G.",
     title     = "Estimating the dimension of a model",
     journal   = "Annals of Statistics",
     volume    = "6 (2)",
     year      = "1978",
     pages     = "461-464"
}

@book{MacKay:2003,
   author = "D. J. C. MacKay",
   title = "Information Theory, Inference and Learning Algorithms",
   PUBLISHER = "Cambrdige University Press",
   ISBN="0521642981",
   year = "2003"
}
%   note = "{\sc {http://www.inference.phy.cam.ac.uk/mackay/itprnn/book.html}}",

@Book{Jeffreys:1961,
     author    = "Jeffreys, H",
     title     = "Theory of Probability",
     publisher = "Clarendon Press",
     year      = "1998"
}

@Article{Spergel:2006hy,
     author    = "Spergel, D. N. and others",
 collaboration = "WMAP",
     title     = "Wilkinson Microwave Anisotropy Probe (WMAP) three year
                  results:  Implications for cosmology",
     year      = "2006",
     eprint    = "astro-ph/0603449",
     SLACcitation  = "%%CITATION = ASTRO-PH/0603449;%%"
}

@Article{Peiris:2006ug,
     author    = "Peiris, Hiranya and Easther, Richard",
     title     = "Recovering the Inflationary Potential and Primordial Power
                  Spectrum With a Slow Roll Prior: Methodology and
                  Application to WMAP 3 Year Data",
     journal   = "JCAP",
     volume    = "0607",
     year      = "2006",
     pages     = "002",
     eprint    = "astro-ph/0603587",
     SLACcitation  = "%%CITATION = ASTRO-PH/0603587;%%"
}

@Article{Peiris:2006sj,
     author    = "Peiris, Hiranya and Easther, Richard",
     title     = "Slow roll reconstruction: Constraints on inflation from the
                  3 year WMAP  dataset",
     journal   = "JCAP",
     volume    = "0610",
     year      = "2006",
     pages     = "017",
     eprint    = "astro-ph/0609003",
     SLACcitation  = "%%CITATION = ASTRO-PH/0609003;%%"
}

@Article{Lewis:1999bs,
     author    = "Lewis, Antony and Challinor, Anthony and Lasenby, Anthony",
     title     = "Efficient Computation of CMB anisotropies in closed FRW
                  models",
     journal   = "Astrophys. J.",
     volume    = "538",
     year      = "2000",
     pages     = "473-476",
     eprint    = "astro-ph/9911177",
     SLACcitation  = "%%CITATION = ASTRO-PH/9911177;%%"
}

@Article{CosmoMC,
     author    = "Lewis, Antony and Bridle, Sarah",
     title     = "Cosmological parameters from CMB and other data: a Monte-
                  Carlo approach",
     journal   = "Phys. Rev.",
     volume    = "D66",
     year      = "2002",
     pages     = "103511",
     eprint    = "astro-ph/0205436",
     SLACcitation  = "%%CITATION = ASTRO-PH/0205436;%%"
}

@Article{Verde:2003ey,
     author    = "Verde, Licia and others",
 collaboration = "WMAP",
     title     = "First Year Wilkinson Microwave Anisotropy Probe (WMAP)
                  Observations: Parameter Estimation Methodology",
     journal   = "Astrophys. J. Suppl.",
     volume    = "148",
     year      = "2003",
     pages     = "195",
     eprint    = "astro-ph/0302218",
     SLACcitation  = "%%CITATION = ASTRO-PH/0302218;%%"
}

@Article{Sievers:2005gj,
     author    = "Sievers, Jonathan L. and others",
     title     = "Implications of the Cosmic Background Imager Polarization
                  Data",
     year      = "2005",
     eprint    = "astro-ph/0509203",
     SLACcitation  = "%%CITATION = ASTRO-PH/0509203;%%"
}



@Article{MacTavish:2005yk,
     author    = "MacTavish, C. J. and others",
     title     = "Cosmological parameters from the 2003 flight of BOOMERANG",
     journal   = "Astrophys. J.",
     volume    = "647",
     year      = "2006",
     pages     = "799",
     eprint    = "astro-ph/0507503",
     SLACcitation  = "%%CITATION = ASTRO-PH/0507503;%%"
}

@Article{McDonald:2004xn,
     author    = "McDonald, Patrick and others",
 collaboration = "SDSS",
     title     = "The Linear Theory Power Spectrum from the Lyman-alpha
                  Forest in the Sloan Digital Sky Survey",
     journal   = "Astrophys. J.",
     volume    = "635",
     year      = "2005",
     pages     = "761-783",
     eprint    = "astro-ph/0407377",
     SLACcitation  = "%%CITATION = ASTRO-PH/0407377;%%"
}

@Article{Cole:2005sx,
     author    = "Cole, Shaun and others",
 collaboration = "The 2dFGRS",
     title     = "The 2dF Galaxy Redshift Survey: Power-spectrum analysis of
                  the final dataset and cosmological implications",
     journal   = "Mon. Not. Roy. Astron. Soc.",
     volume    = "362",
     year      = "2005",
     pages     = "505-534",
     eprint    = "astro-ph/0501174",
     SLACcitation  = "%%CITATION = ASTRO-PH/0501174;%%"
}

@Article{Kofman:1994rk,
     author    = "Kofman, Lev and Linde, Andrei D. and Starobinsky, Alexei A.
                  ",
     title     = "Reheating after inflation",
     journal   = "Phys. Rev. Lett.",
     volume    = "73",
     year      = "1994",
     pages     = "3195-3198",
     eprint    = "hep-th/9405187",
     SLACcitation  = "%%CITATION = HEP-TH/9405187;%%"
}

@Article{Kofman:1997yn,
     author    = "Kofman, Lev and Linde, Andrei D. and Starobinsky, Alexei A.
                  ",
     title     = "Towards the theory of reheating after inflation",
     journal   = "Phys. Rev.",
     volume    = "D56",
     year      = "1997",
     pages     = "3258-3295",
     eprint    = "hep-ph/9704452",
     SLACcitation  = "%%CITATION = HEP-PH/9704452;%%"
}

@INCOLLECTION{Raftery:1996,
 AUTHOR = "A. E. Raftery and S. M. Lewis  ",
 TITLE = "How many iterations for the Gibbs sampler?  ",
 PAGES = "765 ",
 EDITOR = "J. M. Bernado ",
 BOOKTITLE = "Bayesian Statistics ",
 PUBLISHER = "OUP ",
 YEAR = "1992" }


@INCOLLECTION{Gelman:1995,
 author = "A. Gelman and G.O. Roberts and W.R. Gilks",
 title = "Efficient Metropolis jumping rules",
 pages = "599",
 EDITOR = "J. M. Bernado and others",
 BOOKTITLE = "Bayesian Statistics ",
 volume = "5",
 PUBLISHER = "OUP ",
 year = "1996"
 }

%%%%%%%%%%%%%%%%%%%%%%%%%%%%%%
%%%%%%%%%%%%%%%%%%%%%%%%%%%%%%
%Trans-Planckian Bibliography%
%%%%%%%%%%%%%%%%%%%%%%%%%%%%%%
%%%%%%%%%%%%%%%%%%%%%%%%%%%%%%

@Article{Chibisov:1989wb,
     author    = "Chibisov, G. V. and Shtanov, Yu. V.",
     title     = "STRUCTURAL ANISOTROPY IN A CHAOTIC INFLATIONARY UNIVERSE",
     journal   = "Sov. Phys. JETP",
     volume    = "69",
     year      = "1989",
     pages     = "17-22",
     SLACcitation  = "%%CITATION = SPHJA,69,17;%%"
}

@Article{Brandenberger:2000wr,
     author    = "Brandenberger, Robert H. and Martin, Jerome",
     title     = "The robustness of inflation to changes in super-Planck-
                  scale physics",
     journal   = "Mod. Phys. Lett.",
     volume    = "A16",
     year      = "2001",
     pages     = "999-1006",
     eprint    = "astro-ph/0005432",
     SLACcitation  = "%%CITATION = ASTRO-PH/0005432;%%"
}

@ARTICLE{Starobinsky1998,
   author = {{Starobinsky}, A.~A.},
    title = "{Beyond the simplest inflationary cosmological models.}",
  journal = {Gravitation and Cosmology},
   eprint = {arXiv:astro-ph/9811360},
 keywords = {Cosmological Models},
     year = 1998,
   volume = 4,
    pages = {88-99},
   adsurl = {http://adsabs.harvard.edu/abs/1998GrCo....4S..88S},
  adsnote = {Provided by the SAO/NASA Astrophysics Data System}
}


@Article{Starobinsky:2001kn,
     author    = "Starobinsky, Alexei A.",
     title     = "Robustness of the inflationary perturbation spectrum to
                  trans-Planckian  physics",
     journal   = "Pisma Zh. Eksp. Teor. Fiz.",
     volume    = "73",
     year      = "2001",
     pages     = "415-418",
     eprint    = "astro-ph/0104043",
     SLACcitation  = "%%CITATION = ASTRO-PH/0104043;%%"
}

@Article{Brandenberger:2002hs,
     author    = "Brandenberger, Robert H. and Martin, Jerome",
     title     = "On signatures of short distance physics in the cosmic
                  microwave  background",
     journal   = "Int. J. Mod. Phys.",
     volume    = "A17",
     year      = "2002",
     pages     = "3663-3680",
     eprint    = "hep-th/0202142",
     SLACcitation  = "%%CITATION = HEP-TH/0202142;%%"
}

@Article{Danielsson:2002kx,
     author    = "Danielsson, Ulf H.",
     title     = "A note on inflation and transplanckian physics",
     journal   = "Phys. Rev.",
     volume    = "D66",
     year      = "2002",
     pages     = "023511",
     eprint    = "hep-th/0203198",
     SLACcitation  = "%%CITATION = HEP-TH/0203198;%%"
}

@Article{Easther:2002xe,
     author    = "Easther, Richard and Greene, Brian R. and Kinney, William
                  H. and Shiu, Gary",
     title     = "A generic estimate of trans-Planckian modifications to the
                  primordial  power spectrum in inflation",
     journal   = "Phys. Rev.",
     volume    = "D66",
     year      = "2002",
     pages     = "023518",
     eprint    = "hep-th/0204129",
     SLACcitation  = "%%CITATION = HEP-TH/0204129;%%"
}

@Article{Martin:2003kp,
     author    = "Martin, Jerome and Brandenberger, Robert",
     title     = "On the dependence of the spectra of fluctuations in
                  inflationary  cosmology on trans-Planckian physics",
     journal   = "Phys. Rev.",
     volume    = "D68",
     year      = "2003",
     pages     = "063513",
     eprint    = "hep-th/0305161",
     SLACcitation  = "%%CITATION = HEP-TH/0305161;%%"
}

@Article{Kolb:2007vd,
     author    = "Kolb, Edward W. and Starobinsky, A. A. and Tkachev, I. I.",
     title     = "Trans-Planckian wimpzillas",
     year      = "2007",
     eprint    = "hep-th/0702143",
     SLACcitation  = "%%CITATION = HEP-TH/0702143;%%"
}

@Book{Birrell:ix,
     author    = "Birrell, N. D. and Davies, P. C. W.",
     title     = "Quantum Fields In Curved Space",
     year      = "1982",
     publisher = "Cambridge Unversity Press",
     notes     = "340p"
}

@Article{Sahni:vg,
     author    = "Sahni, V.",
     title     = "REGULARIZED QUANTUM ENERGY MOMENTUM TENSOR FOR SPINOR
                  FIELDS IN THE CHITRE-HARTLE AND MILNE METRICS",
     journal   = "Class. Quant. Grav.",
     volume    = "1",
     year      = "1984",
     pages     = "579-590",
     SLACcitation  = "%%CITATION = CQGRD,1,579;%%"
}

@Book{Grib:1980atom,
     author    = "Grib, A. A. and Mamaev, S. G. and Mostepanenko, V.M.",
     title     = "Vacuum Quantum Effects in Strong Fields",
     publisher = "Friedmann Lab Publishing, St Petersburg",
     year      = "1994"
}

@Article{Candelas:1978gf,
     author    = "Candelas, P. and Dowker, J. S.",
     title     = "FIELD THEORIES ON CONFORMALLY RELATED SPACE-TIMES: SOME
                  GLOBAL CONSIDERATIONS",
     journal   = "Phys. Rev.",
     volume    = "D19",
     year      = "1979",
     pages     = "2902",
     SLACcitation  = "%%CITATION = PHRVA,D19,2902;%%"
}

@Article{Mamaev:rus,
     author    = "Mamaev, S.G.",
     title     = "Vacuum Expectation Values of the Energy-Momentum Tensor of Quantized Fields in a Homogeneous Isotropic Space-Time",
     journal   = "Teor. i Mat. Fiz.",
     volume    = "42",
     year      = "1980",
     pages     = "350"
}

@Article{Zeldovich:1971mw,
     author    = "Zeldovich, Ya. B. and Starobinsky, Alexei A.",
     title     = "Particle production and vacuum polarization in an
                  anisotropic gravitational field",
     journal   = "Sov. Phys. JETP",
     volume    = "34",
     year      = "1972",
     pages     = "1159-1166",
     SLACcitation  = "%%CITATION = SPHJA,34,1159;%%"
}

@Article{KSS,
     author    = "Kofman, L. A. and Sahni, V. and Starobinsky, Alexei A.",
     title     = "ANISOTROPIC COSMOLOGICAL MODEL CREATED BY QUANTUM
                  POLARIZATION OF VACUUM",
     journal   = "Sov. Phys. JETP",
     volume    = "58",
     year      = "1983",
     pages     = "1090-1095",
     SLACcitation  = "%%CITATION = SPHJA,58,1090;%%"
}

@Book{Bateman,
     author    = "Bateman, H. and  Erdelyi, A.",
     title     = "Higher Transcendental Functions",
     publisher = "New York: McGraw-Hill",
     year      = "1953-55"
}

@Book{AS,
     author    = "Abramowitz, M and Stegun, I. A.",
     title     = "Handbook of mathematical functions with formulas, graphs, and mathematical tables",
     year      = "1964",
     publisher = "Washington U.S. Govt. Print. Off."
}

@Article{Kaloper,
     author    = "Kaloper, Nemanja and Kleban, Matthew and Lawrence, Albion
                  E. and Shenker, Stephen",
     title     = "Signatures of short distance physics in the cosmic
                  microwave  background",
     journal   = "Phys. Rev.",
     volume    = "D66",
     year      = "2002",
     pages     = "123510",
     eprint    = "hep-th/0201158",
     SLACcitation  = "%%CITATION = HEP-TH/0201158;%%"
}


%%%%%%%%%%%%%%%%%%%%
%%%%%%%%%%%%%%%%%%%%
%Roulette Inflation%
%%%%%%%%%%%%%%%%%%%%
%%%%%%%%%%%%%%%%%%%%


@Article{KKLT,
     author    = "Kachru, Shamit and Kallosh, Renata and Linde, Andrei and
                  Trivedi, Sandip P.",
     title     = "De Sitter vacua in string theory",
     journal   = "Phys. Rev.",
     volume    = "D68",
     year      = "2003",
     pages     = "046005",
     eprint    = "hep-th/0301240",
     SLACcitation  = "%%CITATION = HEP-TH/0301240;%%"
}

@Article{Blanco-Pillado:2004ns,
     author    = "J. J. Blanco-Pillado and C. P. Burgess and  J. M. Cline and C. Escoda and 
M. Gomez-Reino and R. Kallosh and A. Linde and F. Quevedo",
     title     = "Racetrack inflation",
     journal   = "JHEP",
     volume    = "11",
     year      = "2004",
     pages     = "063",
     eprint    = "hep-th/0406230",
     SLACcitation  = "%%CITATION = HEP-TH/0406230;%%"
}

@Article{Blanco-Pillado:2006he,
     author    = "J. J. Blanco-Pillado and C. P. Burgess and  J. M. Cline and C. Escoda and 
M. Gomez-Reino and R. Kallosh and A. Linde and F. Quevedo ",
     title     = "Inflating in a better racetrack",
     journal   = "JHEP",
     volume    = "09",
     year      = "2006",
     pages     = "002",
     eprint    = "hep-th/0603129",
     SLACcitation  = "%%CITATION = HEP-TH/0603129;%%"
}

@Article{KKLMMT,
     author    = "S. Kachru and R. Kallosh and A. Linde and J. Maldacena and L. McAllister
  and S. P. Trivedi",
     title     = "Towards inflation in string theory",
     journal   = "JCAP",
     volume    = "0310",
     year      = "2003",
     pages     = "013",
     eprint    = "hep-th/0308055",
     SLACcitation  = "%%CITATION = HEP-TH/0308055;%%"
}

@Article{Dasgupta:2002ew,
     author    = "Dasgupta, Keshav and Herdeiro, Carlos and Hirano, Shinji
                  and Kallosh, Renata",
     title     = "D3/D7 inflationary model and M-theory",
     journal   = "Phys. Rev.",
     volume    = "D65",
     year      = "2002",
     pages     = "126002",
     eprint    = "hep-th/0203019",
     SLACcitation  = "%%CITATION = HEP-TH/0203019;%%"
}

@Article{Hsu:2003cy,
     author    = "Hsu, Jonathan P. and Kallosh, Renata and Prokushkin, Sergey
                  ",
     title     = "On brane inflation with volume stabilization",
     journal   = "JCAP",
     volume    = "0312",
     year      = "2003",
     pages     = "009",
     eprint    = "hep-th/0311077",
     SLACcitation  = "%%CITATION = HEP-TH/0311077;%%"
}

@Article{Dasgupta:2004dw,
     author    = "Dasgupta, Keshav and Hsu, Jonathan P. and Kallosh, Renata
                  and Linde, Andrei and Zagermann, Marco",
     title     = "D3/D7 brane inflation and semilocal strings",
     journal   = "JHEP",
     volume    = "08",
     year      = "2004",
     pages     = "030",
     eprint    = "hep-th/0405247",
     SLACcitation  = "%%CITATION = HEP-TH/0405247;%%"
}

@Article{Alishahiha:2004eh,
     author    = "Alishahiha, Mohsen and Silverstein, Eva and Tong, David",
     title     = "DBI in the sky",
     journal   = "Phys. Rev.",
     volume    = "D70",
     year      = "2004",
     pages     = "123505",
     eprint    = "hep-th/0404084",
     SLACcitation  = "%%CITATION = HEP-TH/0404084;%%"
}

@Article{Buchel:2003qj,
     author    = "Buchel, Alex and Roiban, Radu",
     title     = "Inflation in warped geometries",
     journal   = "Phys. Lett.",
     volume    = "B590",
     year      = "2004",
     pages     = "284-294",
     eprint    = "hep-th/0311154",
     SLACcitation  = "%%CITATION = HEP-TH/0311154;%%"
}

@Article{Burgess:2004kv,
     author    = "Burgess, C. P. and Cline, J. M. and Stoica, H. and Quevedo,
                  F.",
     title     = "Inflation in realistic D-brane models",
     journal   = "JHEP",
     volume    = "09",
     year      = "2004",
     pages     = "033",
     eprint    = "hep-th/0403119",
     SLACcitation  = "%%CITATION = HEP-TH/0403119;%%"
}

@Article{DeWolfe:2004qx,
     author    = "DeWolfe, Oliver and Kachru, Shamit and Verlinde, Herman L.
                  ",
     title     = "The giant inflaton",
     journal   = "JHEP",
     volume    = "05",
     year      = "2004",
     pages     = "017",
     eprint    = "hep-th/0403123",
     SLACcitation  = "%%CITATION = HEP-TH/0403123;%%"
}

@Article{Iizuka:2004ct,
     author    = "Iizuka, Norihiro and Trivedi, Sandip P.",
     title     = "An inflationary model in string theory",
     journal   = "Phys. Rev.",
     volume    = "D70",
     year      = "2004",
     pages     = "043519",
     eprint    = "hep-th/0403203",
     SLACcitation  = "%%CITATION = HEP-TH/0403203;%%"
}

@Article{DKMW,
     author    = "Dimopoulos, S. and Kachru, S. and McGreevy, J. and Wacker,
                  Jay G.",
     title     = "N-flation",
     year      = "2005",
     eprint    = "hep-th/0507205",
     SLACcitation  = "%%CITATION = HEP-TH/0507205;%%"
}

@Article{em, 
     author    = "Easther, Richard and McAllister, Liam",
     title     = "Random matrices and the spectrum of N-flation",
     journal   = "JCAP",
     volume    = "0605",
     year      = "2006",
     pages     = "018",
     eprint    = "hep-th/0512102",
     SLACcitation  = "%%CITATION = HEP-TH/0512102;%%"
}

@Article{Kofman:1985aw,
     author    = "Kofman, L. A. and Linde, Andrei D. and Starobinsky, Alexei
                  A.",
     title     = "Inflationary Universe Generated by the Combined Action of a
                  Scalar Field and Gravitational Vacuum Polarization",
     journal   = "Phys. Lett.",
     volume    = "B157",
     year      = "1985",
     pages     = "361-367",
     SLACcitation  = "%%CITATION = PHLTA,B157,361;%%"
}

@Article{SW, 
     author    = "Seiberg, Nathan and Witten, Edward",
     title     = "The D1/D5 system and singular CFT",
     journal   = "JHEP",
     volume    = "04",
     year      = "1999",
     pages     = "017",
     eprint    = "hep-th/9903224",
     SLACcitation  = "%%CITATION = HEP-TH/9903224;%%"
}

@Article{CQ,
     author    = "Conlon, Joseph P. and Quevedo, Fernando",
     title     = "Kaehler moduli inflation",
     journal   = "JHEP",
     volume    = "01",
     year      = "2006",
     pages     = "146",
     eprint    = "hep-th/0509012",
     SLACcitation  = "%%CITATION = HEP-TH/0509012;%%"
}


@Article{BB, 
     author    = "Balasubramanian, Vijay and Berglund, Per",
     title     = "Stringy corrections to Kaehler potentials, SUSY breaking,
                  and the  cosmological constant problem",
     journal   = "JHEP",
     volume    = "11",
     year      = "2004",
     pages     = "085",
     eprint    = "hep-th/0408054",
     SLACcitation  = "%%CITATION = HEP-TH/0408054;%%"
}

@Article{BBCQ,
     author    = "Balasubramanian, Vijay and Berglund, Per and Conlon, Joseph
                  P. and Quevedo, Fernando",
     title     = "Systematics of moduli stabilisation in Calabi-Yau flux
                  compactifications",
     journal   = "JHEP",
     volume    = "03",
     year      = "2005",
     pages     = "007",
     eprint    = "hep-th/0502058",
     SLACcitation  = "%%CITATION = HEP-TH/0502058;%%"
}

@Article{CQS,
     author    = "Conlon, Joseph P. and Quevedo, Fernando and Suruliz, Kerim
                  ",
     title     = "Large-volume flux compactifications: Moduli spectrum and
                  D3/D7 soft  supersymmetry breaking",
     journal   = "JHEP",
     volume    = "08",
     year      = "2005",
     pages     = "007",
     eprint    = "hep-th/0505076",
     SLACcitation  = "%%CITATION = HEP-TH/0505076;%%"
}

@Article{Simon:2006du,
     author    = "Simon, Joan and Jimenez, Raul and Verde, Licia and
                  Berglund, Per and Balasubramanian, Vijay",
     title     = "Using cosmology to constrain the topology of hidden
                  dimensions",
     year      = "2006",
     eprint    = "astro-ph/0605371",
     SLACcitation  = "%%CITATION = ASTRO-PH/0605371;%%"
}

@Article{Holman:2006ek,
     author    = "Holman, R. and Hutasoit, Jimmy A.",
     title     = "Axionic inflation from large volume flux
                  compactifications",
     year      = "2006",
     eprint    = "hep-th/0603246",
     SLACcitation  = "%%CITATION = HEP-TH/0603246;%%"
}

@Article{BBHL, 
     author    = "Becker, Katrin and Becker, Melanie and Haack, Michael and
                  Louis, Jan",
     title     = "Supersymmetry breaking and alpha'-corrections to flux
                  induced  potentials",
     journal   = "JHEP",
     volume    = "06",
     year      = "2002",
     pages     = "060",
     eprint    = "hep-th/0204254",
     SLACcitation  = "%%CITATION = HEP-TH/0204254;%%"
}

@Article{Affleck:1984xz,
     author    = "Affleck, Ian and Dine, Michael and Seiberg, Nathan",
     title     = "Dynamical Supersymmetry Breaking in Four-Dimensions and Its
                  Phenomenological Implications",
     journal   = "Nucl. Phys.",
     volume    = "B256",
     year      = "1985",
     pages     = "557",
     SLACcitation  = "%%CITATION = NUPHA,B256,557;%%"
}

@Article{Dine:1986zy,
     author    = "Dine, Michael and Seiberg, N. and Wen, X. G. and Witten,
                  Edward",
     title     = "Nonperturbative Effects on the String World Sheet",
     journal   = "Nucl. Phys.",
     volume    = "B278",
     year      = "1986",
     pages     = "769",
     SLACcitation  = "%%CITATION = NUPHA,B278,769;%%"
}

@Article{Witten:1996bn,
     author    = "Witten, Edward",
     title     = "Non-Perturbative Superpotentials In String Theory",
     journal   = "Nucl. Phys.",
     volume    = "B474",
     year      = "1996",
     pages     = "343-360",
     eprint    = "hep-th/9604030",
     SLACcitation  = "%%CITATION = HEP-TH/9604030;%%"
}

@Article{GKP,
     author    = "Giddings, Steven B. and Kachru, Shamit and Polchinski,
                  Joseph",
     title     = "Hierarchies from fluxes in string compactifications",
     journal   = "Phys. Rev.",
     volume    = "D66",
     year      = "2002",
     pages     = "106006",
     eprint    = "hep-th/0105097",
     SLACcitation  = "%%CITATION = HEP-TH/0105097;%%"
}

@Article{Aspinwall:2005ad,
     author    = "Aspinwall, Paul S. and Kallosh, Renata",
     title     = "Fixing all moduli for M-theory on K3 x K3",
     journal   = "JHEP",
     volume    = "10",
     year      = "2005",
     pages     = "001",
     eprint    = "hep-th/0506014",
     SLACcitation  = "%%CITATION = HEP-TH/0506014;%%"
}

@Article{CAQS,
     author    = "Conlon, Joseph P. and Abdussalam, Shehu S. and Quevedo,
                  Fernando and Suruliz, Kerim",
     title     = "Soft SUSY breaking terms for chiral matter in IIB string
                  compactifications",
     journal   = "JHEP",
     volume    = "01",
     year      = "2007",
     pages     = "032",
     eprint    = "hep-th/0610129",
     SLACcitation  = "%%CITATION = HEP-TH/0610129;%%"
}

@Article{CdlO,
     author    = "Candelas, P. and de la Ossa, X. C.",
     title     = "Moduli space of Calabi-Yau manifolds",
     note      = "Prepared for XIII International School of Theoretical
                  Physics: The Standard Model and Beyond, Szczyrk, Poland,
                  19-26 Sep 1989"
}

@Article{DDF,
     author    = "Denef, Frederik and Douglas, Michael R. and Florea, Bogdan
                  ",
     title     = "Building a better racetrack",
     journal   = "JHEP",
     volume    = "06",
     year      = "2004",
     pages     = "034",
     eprint    = "hep-th/0404257",
     SLACcitation  = "%%CITATION = HEP-TH/0404257;%%"
}

@Article{a_pair,
     author    = "Candelas, Philip and De La Ossa, Xenia C. and Green, Paul
                  S. and Parkes, Linda",
     title     = "A pair of Calabi-Yau manifolds as an exactly soluble
                  superconformal  theory",
     journal   = "Nucl. Phys.",
     volume    = "B359",
     year      = "1991",
     pages     = "21-74",
     SLACcitation  = "%%CITATION = NUPHA,B359,21;%%"
}

@Article{Berg:2005ja,
     author    = "Berg, Marcus and Haack, Michael and Kors, Boris",
     title     = "String loop corrections to Kaehler potentials in
                  orientifolds",
     journal   = "JHEP",
     volume    = "11",
     year      = "2005",
     pages     = "030",
     eprint    = "hep-th/0508043",
     SLACcitation  = "%%CITATION = HEP-TH/0508043;%%"
}

@Article{Berg:2005yu,
     author    = "Berg, Marcus and Haack, Michael and Kors, Boris",
     title     = "On volume stabilization by quantum corrections",
     journal   = "Phys. Rev. Lett.",
     volume    = "96",
     year      = "2006",
     pages     = "021601",
     eprint    = "hep-th/0508171",
     SLACcitation  = "%%CITATION = HEP-TH/0508171;%%"
}

@Article{supercosmo, 
     author    = "Kallosh, Renata and Prokushkin, Sergey",
     title     = "Supercosmology",
     year      = "2004",
     eprint    = "hep-th/0403060",
     SLACcitation  = "%%CITATION = HEP-TH/0403060;%%"
}

@Article{Burgess:2003ic,
     author    = "Burgess, C. P. and Kallosh, R. and Quevedo, F.",
     title     = "de Sitter string vacua from supersymmetric D-terms",
     journal   = "JHEP",
     volume    = "10",
     year      = "2003",
     pages     = "056",
     eprint    = "hep-th/0309187",
     SLACcitation  = "%%CITATION = HEP-TH/0309187;%%"
}

@Article{Adams:1992bn,
     author    = "Adams, Fred C. and Bond, J. Richard and Freese, Katherine
                  and Frieman, Joshua A. and Olinto, Angela V.",
     title     = "Natural inflation: Particle physics models, power law
                  spectra for large scale structure, and constraints from
                  COBE",
     journal   = "Phys. Rev.",
     volume    = "D47",
     year      = "1993",
     pages     = "426-455",
     eprint    = "hep-ph/9207245",
     SLACcitation  = "%%CITATION = HEP-PH/9207245;%%"
}

@Article{Freese:1990rb,
     author    = "Freese, Katherine and Frieman, Joshua A. and Olinto, Angela
                  V.",
     title     = "Natural inflation with pseudo - Nambu-Goldstone bosons",
     journal   = "Phys. Rev. Lett.",
     volume    = "65",
     year      = "1990",
     pages     = "3233-3236",
     SLACcitation  = "%%CITATION = PRLTA,65,3233;%%"
}

@Article{Starobinsky:1980te,
     author    = "Starobinsky, Alexei A.",
     title     = "A new type of isotropic cosmological models without
                  singularity",
     journal   = "Phys. Lett.",
     volume    = "B91",
     year      = "1980",
     pages     = "99-102",
     SLACcitation  = "%%CITATION = PHLTA,B91,99;%%"
}

@Article{Efstathiou:2005tq,
     author    = "Efstathiou, George and Mack, Katherine J.",
     title     = "The Lyth Bound Revisited",
     journal   = "JCAP",
     volume    = "0505",
     year      = "2005",
     pages     = "008",
     eprint    = "astro-ph/0503360",
     SLACcitation  = "%%CITATION = ASTRO-PH/0503360;%%"
}

@Article{Lyth:1996im,
     author    = "Lyth, David H.",
     title     = "What would we learn by detecting a gravitational wave
                  signal in the  cosmic microwave background anisotropy?",
     journal   = "Phys. Rev. Lett.",
     volume    = "78",
     year      = "1997",
     pages     = "1861-1863",
     eprint    = "hep-ph/9606387",
     SLACcitation  = "%%CITATION = HEP-PH/9606387;%%"
}

@Article{Liddle:1998jc,
     author    = "Liddle, Andrew R. and Mazumdar, Anupam and Schunck, Franz
                  E.",
     title     = "Assisted inflation",
     journal   = "Phys. Rev.",
     volume    = "D58",
     year      = "1998",
     pages     = "061301",
     eprint    = "astro-ph/9804177",
     SLACcitation  = "%%CITATION = ASTRO-PH/9804177;%%"
}

@Article{sb91,
     author    = "Salopek, D. S. and Bond, J. R.",
     title     = "Stochastic inflation and nonlinear gravity",
     journal   = "Phys. Rev.",
     volume    = "D43",
     year      = "1991",
     pages     = "1005-1031",
     SLACcitation  = "%%CITATION = PHRVA,D43,1005;%%"
}

@Article{bh95,
     author    = "Bond, J. Richard",
     title     = "Theory and observations of the cosmic background
                  radiation",
     note      = "Lectures at Summer School on Cosmology and Large Scale
                  Structure, Les Houches, France, Aug 1-22, 1993"
}

@Article{Acbar06,
     author    = "Kuo, Chao-Lin and others",
     title     = "Improved Measurements of the CMB Power Spectrum with
                  ACBAR",
     year      = "2006",
     eprint    = "astro-ph/0611198",
     SLACcitation  = "%%CITATION = ASTRO-PH/0611198;%%"
}

@Article{Podolsky:2005bw,
     author    = "Podolsky, Dmitry I. and Felder, Gary N. and Kofman, Lev and
                  Peloso, Marco",
     title     = "Equation of state and beginning of thermalization after
                  preheating",
     journal   = "Phys. Rev.",
     volume    = "D73",
     year      = "2006",
     pages     = "023501",
     eprint    = "hep-ph/0507096",
     SLACcitation  = "%%CITATION = HEP-PH/0507096;%%"
}

@Article{stoch, 
     author    = "Linde, Andrei D. and Linde, Dmitri A. and Mezhlumian,
                  Arthur",
     title     = "From the Big Bang theory to the theory of a stationary
                  universe",
     journal   = "Phys. Rev.",
     volume    = "D49",
     year      = "1994",
     pages     = "1783-1826",
     eprint    = "gr-qc/9306035",
     SLACcitation  = "%%CITATION = GR-QC/9306035;%%"
}

@Article{Linde:1986fc,
     author    = "Linde, Andrei D.",
     title     = "ETERNAL CHAOTIC INFLATION",
     journal   = "Mod. Phys. Lett.",
     volume    = "A1",
     year      = "1986",
     pages     = "81",
     SLACcitation  = "%%CITATION = MPLAE,A1,81;%%"
}

@Article{Barnaby:2004gg,
     author    = "Barnaby, N. and Burgess, C. P. and Cline, J. M.",
     title     = "Warped reheating in brane-antibrane inflation",
     journal   = "JCAP",
     volume    = "0504",
     year      = "2005",
     pages     = "007",
     eprint    = "hep-th/0412040",
     SLACcitation  = "%%CITATION = HEP-TH/0412040;%%"
}

@ARTICLE{Barnaby2009a,
   author = {{Barnaby}, N. and {Huang}, Z. and {Kofman}, L. and {Pogosyan}, D.
	},
    title = "{Cosmological fluctuations from infrared cascading during inflation}",
  journal = {\prd},
archivePrefix = "arXiv",
   eprint = {0902.0615},
 keywords = {Particle-theory and field-theory models of the early Universe},
     year = 2009,
    month = aug,
   volume = 80,
   number = 4,
    pages = {043501-+},
      doi = {10.1103/PhysRevD.80.043501},
   adsurl = {http://adsabs.harvard.edu/abs/2009PhRvD..80d3501B},
  adsnote = {Provided by the SAO/NASA Astrophysics Data System}
}

@Article{Barnaby2009b,
  title = {Particle production during inflation: Observational constraints and signatures},
  author = {Barnaby, Neil  and Huang, Zhiqi },
  journal = {Phys. Rev. D},
  volume = {80},
  number = {12},
  pages = {126018},
  numpages = {12},
  year = {2009},
  month = {Dec},
  doi = {10.1103/PhysRevD.80.126018},
  publisher = {American Physical Society}
}


@ARTICLE{Bond2009,
   author = {{Bond}, J.~R. and {Frolov}, A.~V. and {Huang}, Z. and {Kofman}, L.
	},
    title = "{Non-Gaussian Curvature Spikes from Chaotic Billiards in Inflation Preheating}",
  journal = {Physical Review Letters},
archivePrefix = "arXiv",
   eprint = {0903.3407},
 keywords = {Particle-theory and field-theory models of the early Universe, Superclusters; large-scale structure of the Universe, Background radiations},
     year = 2009,
    month = aug,
   volume = 103,
   number = 7,
    pages = {071301-+},
      doi = {10.1103/PhysRevLett.103.071301},
   adsurl = {http://adsabs.harvard.edu/abs/2009PhRvL.103g1301B},
  adsnote = {Provided by the SAO/NASA Astrophysics Data System}
}

@Article{Frey:2005jk,
     author    = "Frey, Andrew R. and Mazumdar, Anupam and Myers, Robert",
     title     = "Stringy effects during inflation and reheating",
     journal   = "Phys. Rev.",
     volume    = "D73",
     year      = "2006",
     pages     = "026003",
     eprint    = "hep-th/0508139",
     SLACcitation  = "%%CITATION = HEP-TH/0508139;%%"
}

@Article{Kofman:2005yz,
     author    = "Kofman, Lev and Yi, Piljin",
     title     = "Reheating the universe after string theory inflation",
     journal   = "Phys. Rev.",
     volume    = "D72",
     year      = "2005",
     pages     = "106001",
     eprint    = "hep-th/0507257",
     SLACcitation  = "%%CITATION = HEP-TH/0507257;%%"
}

@Article{Chen:2006ni,
     author    = "Chen, Xingang and Tye, S. -H. Henry",
     title     = "Heating in brane inflation and hidden dark matter",
     journal   = "JCAP",
     volume    = "0606",
     year      = "2006",
     pages     = "011",
     eprint    = "hep-th/0602136",
     SLACcitation  = "%%CITATION = HEP-TH/0602136;%%"
}


%%%%%%%%%%

@Article{Mijic:1986iv,
     author    = "Mijic, Milan B. and Morris, Michael S. and Suen, Wai-Mo",
     title     = "THE R**2 COSMOLOGY: INFLATION WITHOUT A PHASE TRANSITION",
     journal   = "Phys. Rev.",
     volume    = "D34",
     year      = "1986",
     pages     = "2934",
     SLACcitation  = "%%CITATION = PHRVA,D34,2934;%%"
}

@Article{Randall:1995dj,
     author    = "Randall, Lisa and Soljacic, Marin and Guth, Alan H.",
     title     = "Supernatural Inflation: Inflation from Supersymmetry with
                  No (Very) Small Parameters",
     journal   = "Nucl. Phys.",
     volume    = "B472",
     year      = "1996",
     pages     = "377-408",
     eprint    = "hep-ph/9512439",
     SLACcitation  = "%%CITATION = HEP-PH/9512439;%%"
}

@Article{ArmendarizPicon:1999rj,
     author    = "Armendariz-Picon, C. and Damour, T. and Mukhanov,
                  Viatcheslav F.",
     title     = "k-inflation",
     journal   = "Phys. Lett.",
     volume    = "B458",
     year      = "1999",
     pages     = "209-218",
     eprint    = "hep-th/9904075",
     SLACcitation  = "%%CITATION = HEP-TH/9904075;%%"
}

@Article{Dvali:1998pa,
     author    = "Dvali, G. R. and Tye, S. H. Henry",
     title     = "Brane inflation",
     journal   = "Phys. Lett.",
     volume    = "B450",
     year      = "1999",
     pages     = "72-82",
     eprint    = "hep-ph/9812483",
     SLACcitation  = "%%CITATION = HEP-PH/9812483;%%"
}



@Article{Hinshaw:2008kr,
     author    = "Hinshaw, G. and others",
 collaboration = "WMAP",
     title     = "{Five-Year Wilkinson Microwave Anisotropy Probe
                  (WMAP) Observations:Data Processing, Sky
                  Maps, \& Basic Results}",
     year      = "2008",
     eprint    = "0803.0732",
     archivePrefix = "arXiv",
     primaryClass  =  "astro-ph",
     SLACcitation  = "%%CITATION = 0803.0732;%%"
}

@Article{Hill:2008hx,
     author    = "Hill, R. S. and others",
 collaboration = "WMAP",
     title     = "{Five-Year Wilkinson Microwave Anisotropy Probe ( 
                 WMAP)Observations: Beam Maps and Window
                  Functions}",
     year      = "2008",
     eprint    = "0803.0570",
     archivePrefix = "arXiv",
     primaryClass  =  "astro-ph",
     SLACcitation  = "%%CITATION = 0803.0570;%%"
}

@Article{Gold:2008kp,
     author    = "Gold, B. and others",
 collaboration = "WMAP",
     title     = "{Five-Year Wilkinson Microwave Anisotropy Probe
                  (WMAP) Observations: Galactic Foreground
                  Emission}",
     year      = "2008",
     eprint    = "0803.0715",
     archivePrefix = "arXiv",
     primaryClass  =  "astro-ph",
     SLACcitation  = "%%CITATION = 0803.0715;%%"
}

@Article{Wright:2008ib,
     author    = "Wright, E. L. and others",
 collaboration = "WMAP",
     title     = "{The Wilkinson Microwave Anisotropy Probe (WMAP) Source
                  Catalog}",
     year      = "2008",
     eprint    = "0803.0577",
     archivePrefix = "arXiv",
     primaryClass  =  "astro-ph",
     SLACcitation  = "%%CITATION = 0803.0577;%%"
}

@Article{Nolta:2008ih,
     author    = "Nolta, M. R. and others",
 collaboration = "WMAP",
     title     = "{Five-Year Wilkinson Microwave Anisotropy Probe (WMAP)
                  Observations: Angular Power Spectra}",
     year      = "2008",
     eprint    = "0803.0593",
     archivePrefix = "arXiv",
     primaryClass  =  "astro-ph",
     SLACcitation  = "%%CITATION = 0803.0593;%%"
}

@Article{Komatsu:2008hk,
     author    = "Komatsu, E. and others",
 collaboration = "WMAP",
     title     = "{Five-Year Wilkinson Microwave Anisotropy Probe
                  (WMAP) Observations:Cosmological
                  Interpretation}",
     year      = "2008",
     eprint    = "0803.0547",
     archivePrefix = "arXiv",
     primaryClass  =  "astro-ph",
     SLACcitation  = "%%CITATION = 0803.0547;%%"
}

@Article{Dunkley:2008ie,
     author    = "Dunkley, J. and others",
 collaboration = "WMAP",
     title     = "{Five-Year Wilkinson Microwave Anisotropy Probe (WMAP)
                  Observations: Likelihoods and Parameters from the WMAP
                  data}",
     year      = "2008",
     eprint    = "0803.0586",
     archivePrefix = "arXiv",
     primaryClass  =  "astro-ph",
     SLACcitation  = "%%CITATION = 0803.0586;%%"
}

@Article{Hoekstra:2005cs,
     author    = "Hoekstra, Henk and others",
     title     = "{First cosmic shear results from the Canada-France-Hawaii
                  Telescope Wide Synoptic Legacy Survey}",
     journal   = "Astrophys. J.",
     volume    = "647",
     year      = "2006",
     pages     = "116-127",
     eprint    = "astro-ph/0511089",
     archivePrefix = "arXiv",
     doi       = "10.1086/503249",
     SLACcitation  = "%%CITATION = ASTRO-PH/0511089;%%"
}

@Article{Hoekstra:2002xs,
     author    = "Hoekstra, Henk and Yee, Howard K. C. and Gladders, Mike D.
                  ",
     title     = "{Constraints on $Omega_m$ and $sigma_8$ from weak lensing in
                  RCS fields}",
     journal   = "Astrophys. J.",
     volume    = "577",
     year      = "2002",
     pages     = "595-603",
     eprint    = "astro-ph/0204295",
     archivePrefix = "arXiv",
     doi       = "10.1086/342120",
     SLACcitation  = "%%CITATION = ASTRO-PH/0204295;%%"
}

@Article{Jones:2005yb,
     author    = "Jones, William C. and others",
     title     = "{A Measurement of the Angular Power Spectrum of the CMB
                  Temperature Anisotropy from the 2003 Flight of Boomerang}",
     journal   = "Astrophys. J.",
     volume    = "647",
     year      = "2006",
     pages     = "823",
     eprint    = "astro-ph/0507494",
     archivePrefix = "arXiv",
     doi       = "10.1086/505559",
     SLACcitation  = "%%CITATION = ASTRO-PH/0507494;%%"
}

@Article{Reichardt:2008ay,
     author    = "Reichardt, C. L. and others",
     title     = "{High resolution CMB power spectrum from the complete ACBAR
                  data set}",
     year      = "2008",
     eprint    = "0801.1491",
     archivePrefix = "arXiv",
     primaryClass  =  "astro-ph",
     SLACcitation  = "%%CITATION = 0801.1491;%%"
}

@Article{McDonald:2006qs,
     author    = "McDonald, Patrick and Eisenstein, Daniel",
     title     = "{Dark energy and curvature from a future baryonic acoustic
                  oscillation survey using the Lyman-alpha forest}",
     journal   = "Phys. Rev.",
     volume    = "D76",
     year      = "2007",
     pages     = "063009",
     eprint    = "astro-ph/0607122",
     archivePrefix = "arXiv",
     doi       = "10.1103/PhysRevD.76.063009",
     SLACcitation  = "%%CITATION = ASTRO-PH/0607122;%%"
}

@Article{McDonald:2004eu,
     author    = "McDonald, Patrick and others",
 collaboration = "SDSS",
     title     = "{The Lyman-alpha Forest Power Spectrum from the Sloan
                  Digital Sky Survey}",
     journal   = "Astrophys. J. Suppl.",
     volume    = "163",
     year      = "2006",
     pages     = "80-109",
     eprint    = "astro-ph/0405013",
     archivePrefix = "arXiv",
     doi       = "10.1086/444361",
     SLACcitation  = "%%CITATION = ASTRO-PH/0405013;%%"
}


@Article{Tegmark:2006az,
     author    = "Tegmark, Max and others",
 collaboration = "SDSS",
     title     = "{Cosmological Constraints from the SDSS Luminous Red
                  Galaxies}",
     journal   = "Phys. Rev.",
     volume    = "D74",
     year      = "2006",
     pages     = "123507",
     eprint    = "astro-ph/0608632",
     archivePrefix = "arXiv",
     doi       = "10.1103/PhysRevD.74.123507",
     SLACcitation  = "%%CITATION = ASTRO-PH/0608632;%%"
}


@Article{Hetterscheidt:2006up,
     author    = "Hetterscheidt, Marco and others",
     title     = "{GaBoDS: The Garching-Bonn Deep Survey: VI. Cosmic shear
                  analysis}",
     year      = "2006",
     eprint    = "astro-ph/0606571",
     archivePrefix = "arXiv",
     SLACcitation  = "%%CITATION = ASTRO-PH/0606571;%%"
}

@Article{VanWaerbeke:2004af,
     author    = "Van Waerbeke, Ludovic and Mellier, Y. and Hoekstra, Henk",
     title     = "{Dealing with systematics in cosmic shear studies: new
                  results from the VIRMOS-Descart Survey}",
     journal   = "Astron. Astrophys.",
     volume    = "429",
     year      = "2005",
     pages     = "75-84",
     eprint    = "astro-ph/0406468",
     archivePrefix = "arXiv",
     SLACcitation  = "%%CITATION = ASTRO-PH/0406468;%%"
}

@Book{Bsplines,
     author = "De Boor, Carl",
     title = "A Practical Guide to splines: with 3 figures",
     pages = "346",
     publisher = "Springer, 2001"
}

@Article{Linde1996,
     author    = "Linde, Andrei D. and Mukhanov, Viatcheslav F.",
     title     = "{Nongaussian isocurvature perturbations from inflation}",
     journal   = "Phys. Rev.",
     volume    = "D56",
     year      = "1997",
     pages     = "535-539",
     eprint    = "astro-ph/9610219",
     archivePrefix = "arXiv",
     doi       = "10.1103/PhysRevD.56.R535",
     SLACcitation  = "%%CITATION = ASTRO-PH/9610219;%%"
}


@Article{Lyth2003,
     author    = "Lyth, David H and Wands, David",
     title     = "{The CDM isocurvature perturbation in the curvaton
                  scenario}",
     journal   = "Phys. Rev.",
     volume    = "D68",
     year      = "2003",
     pages     = "103516",
     eprint    = "astro-ph/0306500",
     archivePrefix = "arXiv",
     doi       = "10.1103/PhysRevD.68.103516",
     SLACcitation  = "%%CITATION = ASTRO-PH/0306500;%%"
}

@ARTICLE{HBK2010,
   author = {{Huang}, Z. and {Bond}, J.~R. and {Kofman}, L.},
    title = "{Parameterizing and Measuring Dark Energy Trajectories from Late-Inflatons}",
  journal = {ArXiv e-prints},
archivePrefix = "arXiv",
   eprint = {1007.5297},
 primaryClass = "astro-ph.CO",
 keywords = {Astrophysics - Cosmology and Extragalactic Astrophysics, High Energy Physics - Phenomenology, High Energy Physics - Theory},
     year = 2010,
    month = jul,
   adsurl = {http://adsabs.harvard.edu/abs/2010arXiv1007.5297H},
  adsnote = {Provided by the SAO/NASA Astrophysics Data System}
}

@ARTICLE{Smith2003,
   author = {{Smith}, R.~E. and {Peacock}, J.~A. and {Jenkins}, A. and {White}, S.~D.~M. and 
	{Frenk}, C.~S. and {Pearce}, F.~R. and {Thomas}, P.~A. and {Efstathiou}, G. and 
	{Couchman}, H.~M.~P.},
    title = "{Stable clustering, the halo model and non-linear cosmological power spectra}",
  journal = {\mnras},
   eprint = {arXiv:astro-ph/0207664},
 keywords = {methods: N-body simulations, cosmology: theory, large-scale structure of Universe},
     year = 2003,
    month = jun,
   volume = 341,
    pages = {1311-1332},
      doi = {10.1046/j.1365-8711.2003.06503.x},
   adsurl = {http://adsabs.harvard.edu/abs/2003MNRAS.341.1311S},
  adsnote = {Provided by the SAO/NASA Astrophysics Data System}
}


@Article{Benjamin2007,
   author = {{Benjamin}, J. and {Heymans}, C. and {Semboloni}, E. and {van Waerbeke}, L. and 
	{Hoekstra}, H. and {Erben}, T. and {Gladders}, M.~D. and {Hetterscheidt}, M. and 
	{Mellier}, Y. and {Yee}, H.~K.~C.},
    title = "{Cosmological constraints from the 100 square degree weak-lensing survey}",
  journal = {\mnras},
   eprint = {arXiv:astro-ph/0703570},
 keywords = {gravitational lensing, cosmological parameters, cosmology: observations, large-scale structure of Universe},
     year = 2007,
    month = oct,
   volume = 381,
    pages = {702-712},
      doi = {10.1111/j.1365-2966.2007.12202.x},
   adsurl = {http://adsabs.harvard.edu/abs/2007MNRAS.381..702B},
  adsnote = {Provided by the SAO/NASA Astrophysics Data System}
}

@ARTICLE{Viel2004,
   author = {{Viel}, M. and {Haehnelt}, M.~G. and {Springel}, V.},
    title = "{Inferring the dark matter power spectrum from the Lyman {$\alpha$} forest in high-resolution QSO absorption spectra}",
  journal = {\mnras},
   eprint = {arXiv:astro-ph/0404600},
 keywords = {intergalactic medium, quasars: absorption lines, large-scale structure of Universe},
     year = 2004,
    month = nov,
   volume = 354,
    pages = {684-694},
      doi = {10.1111/j.1365-2966.2004.08224.x},
   adsurl = {http://adsabs.harvard.edu/abs/2004MNRAS.354..684V},
  adsnote = {Provided by the SAO/NASA Astrophysics Data System}
}


@ARTICLE{Kim2004,
   author = {{Kim}, T.-S. and {Viel}, M. and {Haehnelt}, M.~G. and {Carswell}, R.~F. and
    {Cristiani}, S.},
    title = "{The power spectrum of the flux distribution in the Lyman {$\alpha$} forest of a large sample of UVES QSO absorption spectra (LUQAS)}",
  journal = {\mnras},
   eprint = {arXiv:astro-ph/0308103},
     year = 2004,
    month = jan,
   volume = 347,
    pages = {355-366},
      doi = {10.1111/j.1365-2966.2004.07221.x},
   adsurl = {http://adsabs.harvard.edu/abs/2004MNRAS.347..355K},
  adsnote = {Provided by the SAO/NASA Astrophysics Data System}
}


@ARTICLE{Croft2002,
   author = {{Croft}, R.~A.~C. and {Weinberg}, D.~H. and {Bolte}, M. and
    {Burles}, S. and {Hernquist}, L. and {Katz}, N. and {Kirkman}, D. and
    {Tytler}, D.},
    title = "{Toward a Precise Measurement of Matter Clustering: Ly{$\alpha$} Forest Data at Redshifts 2-4}",
  journal = {\apj},
   eprint = {arXiv:astro-ph/0012324},
 keywords = {Cosmology: Observations, Cosmology: Large-Scale Structure of Universe, Galaxies: Quasars: Absorption Lines},
     year = 2002,
    month = dec,
   volume = 581,
    pages = {20-52},
      doi = {10.1086/344099},
   adsurl = {http://adsabs.harvard.edu/abs/2002ApJ...581...20C},
  adsnote = {Provided by the SAO/NASA Astrophysics Data System}
}

@ARTICLE{McDonald2005,
   author = {{McDonald}, P. and others},
    title = "{The Linear Theory Power Spectrum from the Ly{$\alpha$} Forest in the Sloan Digital Sky Survey}",
  journal = {\apj},
   eprint = {arXiv:astro-ph/0407377},
     year = 2005,
    month = dec,
   volume = 635,
    pages = {761-783},
      doi = {10.1086/497563},
   adsurl = {http://adsabs.harvard.edu/abs/2005ApJ...635..761M},
  adsnote = {Provided by the Smithsonian/NASA Astrophysics Data System}
}

@ARTICLE{McDonald2006,
   author = {{McDonald}, P. and others},
    title = "{The Ly{$\alpha$} Forest Power Spectrum from the Sloan Digital Sky Survey}",
  journal = {\apjs},
   eprint = {arXiv:astro-ph/0405013},
     year = 2006,
    month = mar,
   volume = 163,
    pages = {80-109},
      doi = {10.1086/444361},
   adsurl = {http://adsabs.harvard.edu/abs/2006ApJS..163...80M},
  adsnote = {Provided by the Smithsonian/NASA Astrophysics Data System}
}

@BOOK{book_PlanckBlue,
     author={{Planck Science Team}},
     title={Planck: The Scientific Programme (Blue Book). ESA-SCI (2005)-1. Version 2. },
     publisher={European Space Agency.},
     year=2009
}

@BOOK{book_EUCLIDYellow,
     author={{Euclid Study Team}},
     title={Euclid Assessment study report (SRE-2009-2) },
     publisher={European Space Agency.},
     year=2009
}


@BOOK{book_CHIMEWhite,
     author={{CHIME Science Team}},
     title={CHIME Executive Summary},
     publisher={},
     year=2009
}

@ARTICLE{DETF,
   author = {{Albrecht}, A. and {Bernstein}, G. and {Cahn}, R. and {Freedman}, W.~L. and 
	{Hewitt}, J. and {Hu}, W. and {Huth}, J. and {Kamionkowski}, M. and 
	{Kolb}, E.~W. and {Knox}, L. and {Mather}, J.~C. and {Staggs}, S. and 
	{Suntzeff}, N.~B.},
    title = "{Report of the Dark Energy Task Force}",
  journal = {ArXiv Astrophysics e-prints},
   eprint = {arXiv:astro-ph/0609591},
 keywords = {Astrophysics},
     year = 2006,
    month = sep,
   adsurl = {http://adsabs.harvard.edu/abs/2006astro.ph..9591A},
  adsnote = {Provided by the SAO/NASA Astrophysics Data System}
}

@ARTICLE{Amigo2008,
   author = {{DeLope Amigo}, S. and {Man-Yin Cheung}, W. and {Huang}, Z. and
        {Ng}, S.-P.},
    title = "{Cosmological constraints on decaying dark matter}",
  journal = {Journal of Cosmology and Astro-Particle Physics},
archivePrefix = "arXiv",
   eprint = {0812.4016},
     year = 2009,
    month = jun,
   volume = 6,
    pages = {5-+},
      doi = {10.1088/1475-7516/2009/06/005},
   adsurl = {http://adsabs.harvard.edu/abs/2009JCAP...06..005D},
  adsnote = {Provided by the SAO/NASA Astrophysics Data System}
}

@Article{Huterer:2002hy,
     author    = "Huterer, Dragan and Starkman, Glenn",
     title     = "{Parameterization of dark-energy properties: A principal-
                  component  approach}",
     journal   = "Phys. Rev. Lett.",
     volume    = "90",
     year      = "2003",
     pages     = "031301",
     eprint    = "astro-ph/0207517",
     archivePrefix = "arXiv",
     doi       = "10.1103/PhysRevLett.90.031301",
     SLACcitation  = "%%CITATION = ASTRO-PH/0207517;%%"
}

@Article{Dvorkin:2010dn,
     author    = "Dvorkin, Cora and Hu, Wayne",
     title     = "{CMB Constraints on Principal Components of the Inflaton
                  Potential}",
     journal   = "Phys. Rev.",
     volume    = "D82",
     year      = "2010",
     pages     = "043513",
     eprint    = "1007.0215",
     archivePrefix = "arXiv",
     primaryClass  =  "astro-ph.CO",
     doi       = "10.1103/PhysRevD.82.043513",
     SLACcitation  = "%%CITATION = 1007.0215;%%"
}


@ARTICLE{ACT2013,
   author = {{Sievers}, J.~L. and {Hlozek}, R.~A. and {Nolta}, M.~R. and 
	{Acquaviva}, V. and {Addison}, G.~E. and {Ade}, P.~A.~R. and 
	{Aguirre}, P. and {Amiri}, M. and {Appel}, J.~W. and {Barrientos}, L.~F. and 
	{Battistelli}, E.~S. and {Battaglia}, N. and {Bond}, J.~R. and 
	{Brown}, B. and {Burger}, B. and {Calabrese}, E. and {Chervenak}, J. and 
	{Crichton}, D. and {Das}, S. and {Devlin}, M.~J. and {Dicker}, S.~R. and 
	{Bertrand Doriese}, W. and {Dunkley}, J. and {D{\"u}nner}, R. and 
	{Essinger-Hileman}, T. and {Faber}, D. and {Fisher}, R.~P. and 
	{Fowler}, J.~W. and {Gallardo}, P. and {Gordon}, M.~S. and {Gralla}, M.~B. and 
	{Hajian}, A. and {Halpern}, M. and {Hasselfield}, M. and {Hern{\'a}ndez-Monteagudo}, C. and 
	{Hill}, J.~C. and {Hilton}, G.~C. and {Hilton}, M. and {Hincks}, A.~D. and 
	{Holtz}, D. and {Huffenberger}, K.~M. and {Hughes}, D.~H. and 
	{Hughes}, J.~P. and {Infante}, L. and {Irwin}, K.~D. and {Jacobson}, D.~R. and 
	{Johnstone}, B. and {Baptiste Juin}, J. and {Kaul}, M. and {Klein}, J. and 
	{Kosowsky}, A. and {Lau}, J.~M. and {Limon}, M. and {Lin}, Y.-T. and 
	{Louis}, T. and {Lupton}, R.~H. and {Marriage}, T.~A. and {Marsden}, D. and 
	{Martocci}, K. and {Mauskopf}, P. and {McLaren}, M. and {Menanteau}, F. and 
	{Moodley}, K. and {Moseley}, H. and {Netterfield}, C.~B. and 
	{Niemack}, M.~D. and {Page}, L.~A. and {Page}, W.~A. and {Parker}, L. and 
	{Partridge}, B. and {Plimpton}, R. and {Quintana}, H. and {Reese}, E.~D. and 
	{Reid}, B. and {Rojas}, F. and {Sehgal}, N. and {Sherwin}, B.~D. and 
	{Schmitt}, B.~L. and {Spergel}, D.~N. and {Staggs}, S.~T. and 
	{Stryzak}, O. and {Swetz}, D.~S. and {Switzer}, E.~R. and {Thornton}, R. and 
	{Trac}, H. and {Tucker}, C. and {Uehara}, M. and {Visnjic}, K. and 
	{Warne}, R. and {Wilson}, G. and {Wollack}, E. and {Zhao}, Y. and 
	{Zunckel}, C.},
    title = "{The Atacama Cosmology Telescope: cosmological parameters from three seasons of data}",
  journal = {\jcap},
archivePrefix = "arXiv",
   eprint = {1301.0824},
 primaryClass = "astro-ph.CO",
     year = 2013,
    month = oct,
   volume = 10,
      eid = {060},
    pages = {60},
      doi = {10.1088/1475-7516/2013/10/060},
   adsurl = {http://adsabs.harvard.edu/abs/2013JCAP...10..060S},
  adsnote = {Provided by the SAO/NASA Astrophysics Data System}
}


@ARTICLE{ACT2014,
   author = {{Das}, S. and {Louis}, T. and {Nolta}, M.~R. and {Addison}, G.~E. and 
	{Battistelli}, E.~S. and {Bond}, J.~R. and {Calabrese}, E. and 
	{Crichton}, D. and {Devlin}, M.~J. and {Dicker}, S. and {Dunkley}, J. and 
	{D{\"u}nner}, R. and {Fowler}, J.~W. and {Gralla}, M. and {Hajian}, A. and 
	{Halpern}, M. and {Hasselfield}, M. and {Hilton}, M. and {Hincks}, A.~D. and 
	{Hlozek}, R. and {Huffenberger}, K.~M. and {Hughes}, J.~P. and 
	{Irwin}, K.~D. and {Kosowsky}, A. and {Lupton}, R.~H. and {Marriage}, T.~A. and 
	{Marsden}, D. and {Menanteau}, F. and {Moodley}, K. and {Niemack}, M.~D. and 
	{Page}, L.~A. and {Partridge}, B. and {Reese}, E.~D. and {Schmitt}, B.~L. and 
	{Sehgal}, N. and {Sherwin}, B.~D. and {Sievers}, J.~L. and {Spergel}, D.~N. and 
	{Staggs}, S.~T. and {Swetz}, D.~S. and {Switzer}, E.~R. and 
	{Thornton}, R. and {Trac}, H. and {Wollack}, E.},
    title = "{The Atacama Cosmology Telescope: temperature and gravitational lensing power spectrum measurements from three seasons of data}",
  journal = {\jcap},
archivePrefix = "arXiv",
   eprint = {1301.1037},
 primaryClass = "astro-ph.CO",
     year = 2014,
    month = apr,
   volume = 4,
      eid = {014},
    pages = {14},
      doi = {10.1088/1475-7516/2014/04/014},
   adsurl = {http://adsabs.harvard.edu/abs/2014JCAP...04..014D},
  adsnote = {Provided by the SAO/NASA Astrophysics Data System}
}


@ARTICLE{SPT2013,
   author = {{Story}, K.~T. and {Reichardt}, C.~L. and {Hou}, Z. and {Keisler}, R. and 
	{Aird}, K.~A. and {Benson}, B.~A. and {Bleem}, L.~E. and {Carlstrom}, J.~E. and 
	{Chang}, C.~L. and {Cho}, H.-M. and {Crawford}, T.~M. and {Crites}, A.~T. and 
	{de Haan}, T. and {Dobbs}, M.~A. and {Dudley}, J. and {Follin}, B. and 
	{George}, E.~M. and {Halverson}, N.~W. and {Holder}, G.~P. and 
	{Holzapfel}, W.~L. and {Hoover}, S. and {Hrubes}, J.~D. and 
	{Joy}, M. and {Knox}, L. and {Lee}, A.~T. and {Leitch}, E.~M. and 
	{Lueker}, M. and {Luong-Van}, D. and {McMahon}, J.~J. and {Mehl}, J. and 
	{Meyer}, S.~S. and {Millea}, M. and {Mohr}, J.~J. and {Montroy}, T.~E. and 
	{Padin}, S. and {Plagge}, T. and {Pryke}, C. and {Ruhl}, J.~E. and 
	{Sayre}, J.~T. and {Schaffer}, K.~K. and {Shaw}, L. and {Shirokoff}, E. and 
	{Spieler}, H.~G. and {Staniszewski}, Z. and {Stark}, A.~A. and 
	{van Engelen}, A. and {Vanderlinde}, K. and {Vieira}, J.~D. and 
	{Williamson}, R. and {Zahn}, O.},
    title = "{A Measurement of the Cosmic Microwave Background Damping Tail from the 2500-Square-Degree SPT-SZ Survey}",
  journal = {\apj},
archivePrefix = "arXiv",
   eprint = {1210.7231},
 primaryClass = "astro-ph.CO",
 keywords = {cosmic background radiation, cosmology: observations, large-scale structure of universe },
     year = 2013,
    month = dec,
   volume = 779,
      eid = {86},
    pages = {86},
      doi = {10.1088/0004-637X/779/1/86},
   adsurl = {http://adsabs.harvard.edu/abs/2013ApJ...779...86S},
  adsnote = {Provided by the SAO/NASA Astrophysics Data System}
}


@ARTICLE{SPT2014,
   author = {{Hou}, Z. and {Reichardt}, C.~L. and {Story}, K.~T. and {Follin}, B. and 
	{Keisler}, R. and {Aird}, K.~A. and {Benson}, B.~A. and {Bleem}, L.~E. and 
	{Carlstrom}, J.~E. and {Chang}, C.~L. and {Cho}, H.-M. and {Crawford}, T.~M. and 
	{Crites}, A.~T. and {de Haan}, T. and {de Putter}, R. and {Dobbs}, M.~A. and 
	{Dodelson}, S. and {Dudley}, J. and {George}, E.~M. and {Halverson}, N.~W. and 
	{Holder}, G.~P. and {Holzapfel}, W.~L. and {Hoover}, S. and 
	{Hrubes}, J.~D. and {Joy}, M. and {Knox}, L. and {Lee}, A.~T. and 
	{Leitch}, E.~M. and {Lueker}, M. and {Luong-Van}, D. and {McMahon}, J.~J. and 
	{Mehl}, J. and {Meyer}, S.~S. and {Millea}, M. and {Mohr}, J.~J. and 
	{Montroy}, T.~E. and {Padin}, S. and {Plagge}, T. and {Pryke}, C. and 
	{Ruhl}, J.~E. and {Sayre}, J.~T. and {Schaffer}, K.~K. and {Shaw}, L. and 
	{Shirokoff}, E. and {Spieler}, H.~G. and {Staniszewski}, Z. and 
	{Stark}, A.~A. and {van Engelen}, A. and {Vanderlinde}, K. and 
	{Vieira}, J.~D. and {Williamson}, R. and {Zahn}, O.},
    title = "{Constraints on Cosmology from the Cosmic Microwave Background Power Spectrum of the 2500 deg$^{2}$ SPT-SZ Survey}",
  journal = {\apj},
archivePrefix = "arXiv",
   eprint = {1212.6267},
 primaryClass = "astro-ph.CO",
 keywords = {cosmic background radiation, cosmological parameters, early universe, inflation},
     year = 2014,
    month = feb,
   volume = 782,
      eid = {74},
    pages = {74},
      doi = {10.1088/0004-637X/782/2/74},
   adsurl = {http://adsabs.harvard.edu/abs/2014ApJ...782...74H},
  adsnote = {Provided by the SAO/NASA Astrophysics Data System}
}

@Article{COBE1996,
     author    = "Fixsen, D. J. and others",
     title     = "The Cosmic Microwave Background Spectrum from the Full
                  COBE/FIRAS Data Set",
     journal   = "Astrophys. J.",
     volume    = "473",
     year      = "1996",
     pages     = "576",
     eprint    = "astro-ph/9605054",
     SLACcitation  = "%%CITATION = ASTRO-PH/9605054;%%"
}


@ARTICLE{Kosowsky1995,
   author = {{Kosowsky}, A. and {Turner}, M.~S.},
    title = "{CBR anisotropy and the running of the scalar spectral index}",
  journal = {\prd},
   eprint = {astro-ph/9504071},
 keywords = {Background radiations, Particle-theory and field-theory models of the early Universe},
     year = 1995,
    month = aug,
   volume = 52,
    pages = {1739},
      doi = {10.1103/PhysRevD.52.R1739},
   adsurl = {http://adsabs.harvard.edu/abs/1995PhRvD..52.1739K},
  adsnote = {Provided by the SAO/NASA Astrophysics Data System}
}

@ARTICLE{Jones2009,
   author = {{Jones}, D.~H. and {Read}, M.~A. and {Saunders}, W. and {Colless}, M. and 
	{Jarrett}, T. and {Parker}, Q.~A. and {Fairall}, A.~P. and {Mauch}, T. and 
	{Sadler}, E.~M. and {Watson}, F.~G. and {Burton}, D. and {Campbell}, L.~A. and 
	{Cass}, P. and {Croom}, S.~M. and {Dawe}, J. and {Fiegert}, K. and 
	{Frankcombe}, L. and {Hartley}, M. and {Huchra}, J. and {James}, D. and 
	{Kirby}, E. and {Lahav}, O. and {Lucey}, J. and {Mamon}, G.~A. and 
	{Moore}, L. and {Peterson}, B.~A. and {Prior}, S. and {Proust}, D. and 
	{Russell}, K. and {Safouris}, V. and {Wakamatsu}, K.-I. and 
	{Westra}, E. and {Williams}, M.},
    title = "{The 6dF Galaxy Survey: final redshift release (DR3) and southern large-scale structures}",
  journal = {\mnras},
archivePrefix = "arXiv",
   eprint = {0903.5451},
 primaryClass = "astro-ph.CO",
 keywords = {surveys , galaxies: distances and redshifts , cosmology: observations , large-scale structure of Universe},
     year = 2009,
    month = oct,
   volume = 399,
    pages = {683-698},
      doi = {10.1111/j.1365-2966.2009.15338.x},
   adsurl = {http://adsabs.harvard.edu/abs/2009MNRAS.399..683J},
  adsnote = {Provided by the SAO/NASA Astrophysics Data System}
}


@ARTICLE{Jones2004,
   author = {{Jones}, D.~H. and {Saunders}, W. and {Colless}, M. and {Read}, M.~A. and 
	{Parker}, Q.~A. and {Watson}, F.~G. and {Campbell}, L.~A. and 
	{Burkey}, D. and {Mauch}, T. and {Moore}, L. and {Hartley}, M. and 
	{Cass}, P. and {James}, D. and {Russell}, K. and {Fiegert}, K. and 
	{Dawe}, J. and {Huchra}, J. and {Jarrett}, T. and {Lahav}, O. and 
	{Lucey}, J. and {Mamon}, G.~A. and {Proust}, D. and {Sadler}, E.~M. and 
	{Wakamatsu}, K.-i.},
    title = "{The 6dF Galaxy Survey: samples, observational techniques and the first data release}",
  journal = {\mnras},
   eprint = {astro-ph/0403501},
 keywords = {surveys, galaxies: clusters: general, galaxies: distances and redshifts, cosmology: observations, large-scale structure of Universe},
     year = 2004,
    month = dec,
   volume = 355,
    pages = {747-763},
      doi = {10.1111/j.1365-2966.2004.08353.x},
   adsurl = {http://adsabs.harvard.edu/abs/2004MNRAS.355..747J},
  adsnote = {Provided by the SAO/NASA Astrophysics Data System}
}

@ARTICLE{SDSSDR9,
   author = {{Ahn}, C.~P. and {Alexandroff}, R. and {Allende Prieto}, C. and 
	{Anderson}, S.~F. and {Anderton}, T. and {Andrews}, B.~H. and 
	{Aubourg}, {\'E}. and {Bailey}, S. and {Balbinot}, E. and {Barnes}, R. and et al.},
    title = "{The Ninth Data Release of the Sloan Digital Sky Survey: First Spectroscopic Data from the SDSS-III Baryon Oscillation Spectroscopic Survey}",
  journal = {\apjs},
archivePrefix = "arXiv",
   eprint = {1207.7137},
 primaryClass = "astro-ph.IM",
 keywords = {atlases, catalogs, surveys },
     year = 2012,
    month = dec,
   volume = 203,
      eid = {21},
    pages = {21},
      doi = {10.1088/0067-0049/203/2/21},
   adsurl = {http://adsabs.harvard.edu/abs/2012ApJS..203...21A},
  adsnote = {Provided by the SAO/NASA Astrophysics Data System}
}